2750 4742
316 295 870 373 nnunrnuunrcus.
987 307 1056 397 ,29

143 435 243 527 dicis,
267 441 313 516 ob
333 469 372 518 ea
390 471 461 543 quae
483 440 591 526 dixisti
609 439 651 514 de
664 443 924 516 Lacedaemoniis
946 451 959 535 (
968 443 1054 516 nihil

143 565 263 666 quippe
278 565 314 638 in
328 567 368 640 iis
385 565 543 668 scriptum
558 563 659 639 video
674 592 744 664 quo
758 558 794 639 tu
807 568 978 666 tantopere
992 560 1056 640 do-

143 685 206 760 leas
217 695 251 778 l:
272 687 338 764 five
349 715 454 788 quum
467 685 510 760 de
522 688 673 760 oratione
687 686 742 760 tud
754 686 995 760 consultoribus
1005 688 1056 760 uti

141 805 241 898 velles
252 858 264 892 ,
275 815 338 882 'nos
351 806 561 891 convocasti,
585 833 668 905 quos
684 806 760 878 satis
776 807 872 880 nbtas
888 805 1055 906 quidquid

143 951 178 1020 tu
186 925 305 1003 dixeris
319 955 375 1004 aut
384 929 499 1003 feceris
510 928 707 1016 collaudate.
718 927 816 1000 Soliti
824 927 900 1001 sunt
911 929 1055 1028 pruden-

145 1071 191 1120 tes
209 1050 328 1124 vitica
345 1050 592 1124 communicare
608 1074 680 1147 qua
692 1048 840 1120 maximo
860 1048 967 1120 studio
978 1072 1055 1148 pet-

133 1165 282 1242 ‘fecerint
293 1153 310 1255 ,⁸
322 1195 378 1243 aut
395 1198 472 1243 cum
490 1169 529 1241 iis
545 1167 604 1268 qui
617 1166 723 1240 semet
731 1165 808 1241 sunt
819 1166 1054 1268 sapientiores,

142 1314 198 1361 aut
209 1291 295 1364 certb
306 1319 385 1364 cum
399 1291 439 1363 iis
455 1290 514 1390 qui
528 1287 621 1362 suam
637 1287 836 1362 sententiam
852 1287 928 1362 sunt
944 1289 1057 1363 decla-

142 1411 260 1493 saturi:
269 1435 416 1510 quotum
429 1436 465 1484 tu
478 1409 581 1484 fecisti
593 1409 767 1482 contraria.
783 1409 945 1483 Neuttam
956 1411 1057 1512 igitur

140 1530 259 1603 hatum
280 1532 448 1605 rationum
471 1559 535 1632 ego
557 1529 753 1631 comprobo.
776 1530 871 1604 Mihi
890 1555 1002 1604 autem
1019 1541 1057 1606 &

142 1653 420 1728 convocationem
432 1655 517 1728 hanc
530 1655 696 1737 nostram,
711 1650 983 1741 &laudationem
994 1678 1056 1728 ture

142 1773 282 1846 civitatis
295 1773 422 1861 fecisse,
443 1801 513 1847 non
531 1773 744 1876 simplicitet,
759 1801 869 1874 neque
881 1775 927 1847 ital
941 1800 979 1850 ut
990 1803 1057 1848 no-

142 1891 270 1967 biscum
291 1895 472 1968 collocutus
496 1922 553 1992 es3
577 1893 636 1969 sed
647 1895 824 1997 periclitati
840 1924 902 1970 nos
919 1896 1057 1974 voluisse

142 2039 186 2086 an
203 2012 287 2088 scrib
303 2015 339 2088 in
357 2015 462 2088 studia
482 2015 736 2102 incumbamus,
753 2025 789 2091 δι
808 2044 847 2090 ea
859 2019 1057 2092 memineri-

142 2162 217 2208 mus
241 2163 312 2235 quae
335 2128 421 2210 inter
438 2129 557 2210 dostos
573 2136 640 2211 dici
660 2135 792 2228 solent,
818 2167 856 2210 ac
875 2139 1057 2241 perspicere

140 2282 301 2354 queamus
313 2257 378 2356 qud
386 2256 517 2329 solertis
525 2256 642 2358 scripta
651 2257 689 2330 lit
698 2259 957 2335 oratio.Videris
966 2285 1057 2341 tuam

141 2377 262 2451 urbem
289 2378 422 2452 laudare
446 2377 615 2461 instituill'e
638 2377 715 2452 sani
736 2380 939 2480 prudenter,
963 2406 998 2455 ut
1022 2391 1059 2456 δι

142 2499 353 2573 multitudini
373 2500 497 2574 civium
515 2499 740 2600 gratificaretis
759 2501 902 2602 &apud
923 2527 981 2574 eos
1000 2502 1061 2600 qui

143 2621 242 2696 vobis
254 2621 410 2696 benevoli
420 2621 636 2695 suntlaudem
646 2622 823 2694 invenires.
839 2623 879 2692 In
891 2621 951 2694 isto
962 2623 1062 2723 igitur

143 2742 334 2842 propolim,
357 2743 504 2843 cogitasti
523 2742 546 2815 li
560 2742 602 2815 de
620 2741 657 2814 ei
670 2741 740 2814 soli
754 2741 856 2817 verba
869 2739 1011 2830 faceres,
1024 2753 1060 2818 ὃ(

32 2917 38 2922 -
143 2859 296 2936 fabulosa
308 2863 363 2936 illa
375 2865 501 2938 diceres
511 2893 584 2964 quae
600 2863 641 2937 ab
657 2863 814 2938 omnibus
826 2865 1057 2951 decantantur,

38 2962 42 2970 ¹
144 3008 225 3056 tunc
245 3011 283 3058 ea
300 3013 371 3084 quae
389 2987 577 3060 dicerentur
597 2986 616 3058 d
634 3009 687 3072 te,
710 2987 750 3059 iis
768 2987 888 3059 fimilia
901 2987 1010 3061 visum
1022 2987 1063 3058 iti

144 3133 220 3204 quae
238 3105 280 3176 ab
294 3105 364 3180 aliis
378 3106 498 3206 scripta
507 3105 628 3178 essent:
645 3106 683 3179 id
695 3105 788 3204 quod
799 3106 943 3178 maxime
956 3130 988 3178 te
1002 3133 1063 3206 pu·

144 3224 243 3298 deret
251 3253 288 3298 ac
297 3226 432 3328 pigeret.
452 3228 530 3312 Sin,
545 3227 595 3300 his
608 3225 752 3310 omissis,
768 3252 806 3299 ea
816 3224 902 3299 fasta
915 3227 1064 3300 recitares

149 3401 1056 3435 mm*

200 3493 215 3587 [
227 3510 247 3568 l.
270 3531 297 3586 3.
309 3493 322 3586 ]
350 3495 424 3574 dan
436 3511 508 3571 teser
523 3511 559 3572 ad
570 3501 728 3592 θαυμάζω.

201 3591 247 3688 [l.
270 3593 346 3688 18.]
375 3607 542 3694 Uposubbvr
559 3607 632 3670 teser
647 3608 683 3670 ad
697 3600 805 3676 lineis.
891 3630 896 3671 ὲ
