2750 4742
314 410 848 507 PANATHENAICUS.
971 406 1033 513 581

124 546 209 623 inde
234 554 446 657 perspicitur,
470 549 561 659 quod
585 559 709 658 ubique
733 584 892 635 terrarum
913 559 1038 632 eadem

126 677 204 759 res,
224 677 386 780 planasque
401 683 484 756 nihil
500 680 712 766 differentes,
737 682 772 753 in
794 683 865 755 aliis
879 681 1039 783 prosunt,

127 791 168 866 in
185 797 255 870 aliis
270 801 400 878 obsunt.
427 807 479 878 Ut
502 829 612 879 autem
634 831 711 876 cum
729 803 856 875 ratione
870 830 940 875 non
954 830 1040 875 con·
1067 805 1083 814 ’”

129 905 253 1006 sentit,
271 921 410 1024 fingulas
427 951 479 997 res
491 946 642 996 naturam
657 923 717 997 hbi
730 923 804 1024 ipsrs
819 925 1041 1010 contrariam,

129 1065 195 1112 nec
208 1042 363 1145 eamdem
380 1044 523 1118 habere:
540 1044 583 1117 src
595 1045 615 1116 ὲ
628 1046 755 1118 rarione
774 1044 863 1118 haud
881 1043 1043 1118 absonum

129 1159 214 1247 else,
231 1186 267 1252 ut
281 1163 409 1238 diversa
420 1165 549 1267 prorsirs
565 1167 722 1240 eveniant
731 1167 772 1240 ab
783 1168 824 1239 iis
836 1165 894 1264 qui
908 1165 996 1238 tede
1008 1173 1044 1239 &

128 1282 214 1379 juste
225 1307 348 1383 agunt,
367 1286 468 1390 qudm
478 1286 567 1360 abiis
579 1286 638 1386 qui
648 1285 826 1359 libidinose
837 1285 871 1387 se
881 1309 999 1386 gerunt
1010 1293 1047 1360 &

130 1403 333 1492 insolenter,
345 1409 500 1484 virsanus
510 1408 750 1483 existimaverit.

189 1535 238 1642 2⁰.
261 1531 367 1622 Quod
388 1531 497 1632 ipsum
515 1531 558 1604 de
577 1529 756 1604 concordii
777 1555 912 1628 quoque
928 1526 1048 1600 merito

133 1647 331 1722 dixerimus:
345 1679 423 1724 nam
433 1654 527 1752 hujus
538 1653 639 1726 eriam
648 1679 718 1725 non
728 1655 773 1724 est
782 1652 845 1724 alia
854 1650 956 1750 quim
965 1674 1050 1722 cete-

134 1767 248 1844 rarum
262 1797 371 1847 rerum
387 1775 529 1849 indoles.
550 1775 646 1847 lllam
661 1776 751 1847 enim
768 1773 873 1847 modo
886 1771 1052 1873 plurimo·-

135 1917 215 1964 rum
227 1891 412 1982 bonorum,
427 1897 532 1970 modo
544 1896 732 1996 ingentium
745 1895 911 1970 malorum
922 1903 956 1967 δι
968 1893 1053 1994 cala-

134 2012 317 2101 miratum,
336 2016 466 2090 causam
480 2016 574 2098 fuisse
594 2002 817 2117 reperiemus:
839 2017 924 2088 hanc
941 2039 1053 2088 aurern

130 2133 205 2206 -esse
218 2135 294 2208 dico
313 2146 349 2212 δι
361 2139 594 2237 Spartanorum
606 2136 831 2213 concordiam.
849 2138 898 2211 Hi
910 2136 1053 2236 nemps,

138 2255 203 2329 suo
215 2256 376 2332 consensu
392 2258 484 2345 freti,
504 2288 609 2359 quum
622 2286 660 2334 ex
675 2257 811 2332 advenis
825 2257 1055 2359 cognovissent

138 2400 267 2451 ceteros
282 2375 415 2454 Graecos
428 2381 514 2454 inter
531 2382 564 2455 se
578 2380 729 2454 diffidere
740 2433 762 2464 „
774 2380 820 2452 iti
839 2379 873 2452 se
889 2379 1053 2479 gesserunt

138 2498 232 2600 quali
248 2500 398 2600 rapinam
413 2502 505 2574 suam
525 2501 673 2602 ipsorum
688 2524 794 2572 artem
809 2498 969 2572 haberent
982 2530 993 2595 3
1019 2508 1055 2574 &

139 2621 236 2720 quod
256 2622 326 2695 aliis
341 2622 527 2696 civitatibus
543 2623 708 2696 malorum
724 2623 947 2723 gravissimum
957 2647 1054 2725 verat,
1084 2608 1086 2612 .

139 2739 180 2815 id
194 2743 347 2831 omnium
363 2743 567 2818 utilissimum
581 2742 641 2816 srbi
656 2741 720 2815 esse
735 2742 954 2816 crediderunt.
971 2746 1057 2836 Quae

140 2863 292 2938 civitates
306 2863 406 2964 igitur
418 2863 618 2940 laesionibus
631 2866 788 2938 distraCtae
799 2887 908 2949 erant,
920 2890 973 2938 eas
984 2864 1057 2964 ipfis

140 2985 237 3066 licuit
261 2985 417 3057 arbitratu
438 2983 497 3059 suo
517 2985 722 3087 permiscere.
748 2988 862 3078 Quare
879 2972 982 3057 nemo
999 3011 1057 3058 eos
1109 2980 1113 2984 ’

142 3103 280 3210 propter
294 3093 507 3184 concordiam
522 3117 593 3207 jure
606 3107 811 3191 laudaverit,
831 3106 938 3179 nihilo
954 3107 1059 3208 magis

146 3448 227 3532 quod
248 3451 277 3508 in
291 3450 380 3529 capite
394 3445 526 3530 phraseos
542 3447 644 3533 legitur
659 3446 678 3506 l.
701 3468 714 3522 3
730 3489 741 3518 ‚
757 3453 786 3504 &
799 3447 910 3525 utrique
924 3440 1059 3524 phraseos

145 3547 277 3609 membro
289 3550 423 3628 imperat3
434 3548 527 3625 itaque
535 3543 716 3628 intelligenda
726 3540 912 3624 phrafisquass
923 3537 1033 3601 abesset.

200 3626 246 3720 [l.
268 3656 319 3704 16.
332 3631 345 3722 ]
369 3631 458 3706 olonae
472 3627 520 3732 ps·
531 3637 648 3724 ἐφορμῇ
660 3635 700 3704 rai
717 3628 822 3704 rahtd
835 3628 1005 3718 perdam,
1022 3635 1059 3696 ad

147 3743 288 3818 uerbum,
309 3741 338 3808 hi
355 3745 430 3802 enim
443 3741 628 3826 praerogativas
640 3725 785 3816 (utentes)
802 3737 899 3797 eadem
915 3734 1063 3825 sentiendi.

791 3839 861 3913 Oo
883 3837 918 3936 iij
