2750 4742
263 894 797 997 Luuottto

348 1214 701 1271 PROLOGUS.

78 1349 197 1486 Suur
217 1384 278 1485 qui
291 1386 495 1487 magnopero
507 1386 707 1487 glorientur,
719 1385 982 1489 fiargumentum

77 1506 250 1580 absurdum
268 1517 305 1580 δι
319 1507 470 1582 mirabile
482 1509 637 1609 aggreffi,
654 1508 697 1583 de
710 1535 752 1581 eo
767 1508 980 1581 tolerabiliter

78 1627 178 1701 dicere
201 1653 355 1727 queant3
384 1638 420 1703 &
441 1629 683 1703 consenuerunt
703 1629 903 1730 disputantes
925 1628 982 1702 alii

78 1777 140 1821 non
152 1750 246 1851 poffe
262 1752 399 1825 mentiti
415 1779 639 1852 quemquam,
660 1777 716 1826 aut
732 1753 979 1836 contradicere,

79 1898 178 1972 neque
192 1872 274 1947 duas
285 1874 329 1947 de
342 1873 461 1947 iisdem
474 1871 570 1947 rebus
582 1874 757 1948 contrarias
772 1874 892 1947 habere
904 1901 982 1946 ora·

80 1992 200 2089 tiones;
218 1994 297 2079 alii,
320 1992 551 2068 fortitudinem
572 2004 609 2069 &
628 1995 820 2096 sapientiam
838 2004 873 2069 &
889 1994 982 2099 justi·

80 2110 152 2185 tiam
165 2114 258 2187 idern
271 2113 357 2199 effe,
379 2141 487 2213 neque
499 2116 616 2188 harum
630 2116 788 2189 virtutum
801 2115 903 2187 ullam
917 2142 979 2187 na·

81 2215 142 2304 turi
152 2234 249 2308 nobis
261 2232 363 2308 ineffe
370 2288 382 2320 ,
393 2234 451 2319 sed
464 2262 580 2309 omnes
589 2262 647 2336 pet
657 2235 827 2309 scientiam
838 2235 979 2335 acquiti;

82 2353 276 2457 aliitempus
297 2355 373 2429 rixis
394 2380 527 2442 terunt,
548 2384 620 2455 quae
642 2357 726 2429 nihil
742 2356 878 2456 quidem
896 2355 980 2429 affe-

81 2498 149 2547 runt
175 2475 352 2561 utilitatis,
380 2474 439 2548 sed
460 2473 593 2575 potsunt
617 2475 820 2548 auditoribus
846 2474 979 2575 negotia

82 2592 234 2673 facessere.

54 2742 56 2748 ·
126 2728 177 2791 1⁰.
199 2722 269 2819 Ego
283 2716 499 2803 vero,s1istas
510 2718 650 2819 ineptias
659 2716 696 2789 in
707 2716 902 2816 eloquentia
911 2719 981 2791 stu-

65 2911 67 2914 .
82 2828 165 2913 diuiti
178 2867 283 2941 nuper
298 2840 445 2914 inveotas
462 2840 635 2924 viderem,
655 2840 848 2936 nostrosque
860 2839 981 2911 inven-

82 2982 183 3037 torum
194 2964 342 3038 novitate
354 2961 508 3063 gloriati,
522 2962 599 3035 istos
609 2988 680 3033 non
688 2960 825 3060 periodo
836 2960 981 3035 mirarer.

82 3080 172 3157 Nunc
189 3086 265 3183 quis
286 3084 371 3157 adeo
388 3083 572 3158 studiorum
586 3082 673 3157 setus
695 3083 740 3155 est
749 3135 761 3168 ‚
781 3082 840 3180 qui
860 3080 982 3153 nesciat

84 3203 290 3307 Protagoram
306 3234 344 3279 ac
359 3205 447 3286 illius
467 3204 625 3305 temporis
637 3203 814 3304 sophistas,
835 3212 870 3277 &
884 3203 979 3287 talia,

84 3512 218 3574 virtutibus
227 3538 237 3586 3
253 3517 272 3573 i.
287 3536 312 3573 e.
326 3513 404 3595 quod
419 3535 517 3573 ornnes
535 3516 651 3574 virtutes
666 3532 715 3593 per
730 3507 820 3570 solam
837 3506 979 3568 scientiam

81 3615 261 3689 acquiruntur.
959 3626 962 3631 ’

124 3690 171 3785 [l.
194 3695 273 3790 13.]
299 3699 419 3784 Τᾶτυς,
433 3708 550 3792 nempe,
565 3706 700 3791 sophistas
713 3706 799 3767 nostri
812 3707 956 3789 temporis.
