2750 4742
243 299 800 378 ARCHIDAMUS.
928 333 969 402 ²9

76 441 189 522 debetis
210 449 271 522 effe
292 439 455 533 aniniati,
475 443 581 548 qu‘um
597 439 691 522 idein
713 438 881 548 utrimque
898 458 949 548 jus
960 503 973 536 ,

76 568 338 642 eademdefenfio
352 568 451 642 nobis
461 568 510 642 stt.
586 643 589 652 ,

9 775 10 794 2
115 693 161 796 Ii.
195 695 353 765 Praeterea
372 718 434 764 nec
453 690 538 764 illud
558 719 620 766 vos
642 691 743 778 latet,
767 690 975 793 poffeffiones
1028 704 1031 713 '

9 813 11 856 *
74 811 128 886 five
141 811 277 911 privatas
295 812 363 886 five
379 811 550 912 publicas,
572 811 594 884 {i
616 811 758 913 longum
775 835 904 914 tempus
918 814 974 884 in-

9 965 10 974 *
74 931 254 1018 tetceffetit,
277 931 449 1014 utriversos
466 931 650 1034 existimate
666 932 728 1006 fibi
742 937 889 1034 proprias
909 932 974 1008 effe

9 1093 11 1138 ς
74 1061 105 1124 &
125 1077 276 1152 tanquam
307 1052 518 1154 patrimonia.
548 1053 620 1125 Nos
647 1077 758 1126 autem
784 1054 974 1128 Murenam

9 1245 11 1260 ,
74 1155 420 1274 repimun,priusquam
430 1173 532 1247 Persae
541 1158 839 1275 tegnopotirentur
847 1174 975 1248 Afiam-

75 1320 130 1391 que
140 1293 344 1396 subigerent,
361 1305 398 1370 &
411 1295 603 1396 priusquam
615 1296 779 1397 pleraeque
789 1298 907 1371 Graeca
919 1324 973 1372 ur-

9 1475 11 1486 ,
74 1411 122 1486 bes
134 1415 360 1490 conderentur.
387 1420 429 1489 Et
448 1443 552 1517 quum
569 1441 660 1491 tanta
678 1420 793 1491 nosttae
816 1415 914 1492 causae
933 1418 972 1492 sn

9 1555 10 1594 t
74 1536 217 1632 equitas,
236 1536 394 1610 Thebani
410 1535 555 1610 Barbam
570 1536 710 1622 Asiam,
734 1562 892 1636 tanquam
911 1562 973 1639 pa-

74 1657 273 1744 trimonium,
290 1658 541 1758 adjudicarunt,
562 1661 622 1759 qui
640 1659 795 1734 nondtim
810 1660 972 1735 ducentos

75 1803 166 1850 annos
181 1767 358 1880 imperium
372 1781 497 1854 tenuit:
519 1781 690 1881 iidemque
700 1780 889 1854 Mess'enam
906 1808 971 1854 no·

75 1898 119 1970 bis
133 1900 269 2002 eripiunt
284 1954 295 1986 ,
319 1902 377 2000 qui
389 1929 447 2003 pet
462 1926 591 2002 tempus
606 1900 709 2001 duplo
725 1900 856 2001 longius
869 1899 971 1998 quam

72 2041 190 2093 tantum
203 2023 358 2122 temporis
373 2022 514 2124 spatium
526 2020 632 2122 ipsam
644 2021 819 2114 tenuimus,
835 2021 888 2093 Ac
899 2018 970 2093 Pla-

76 2163 142 2211 taeas
159 2141 288 2240 quidem
310 2141 527 2243 &Thespias
549 2167 654 2242 nuper
671 2141 857 2216 admodum
878 2165 972 2213 ever·

9 2253 10 2286 ³
76 2281 195 2345 terunt,
211 2249 426 2334 hanc'autem
446 2265 519 2363 post
539 2286 701 2334 trecentos
723 2288 827 2335 annos
847 2261 970 2335 instau-

9 2435 10 2438 ,
73 2403 163 2475 tant5
179 2405 362 2480 utrumque
390 2383 505 2456 contra
531 2382 759 2481 jusjurandum
786 2391 822 2456 &
844 2381 971 2454 foedera

9 2481 11 2572 i
73 2489 231 2576 fa'cientesi-
248 2479 353 2597 Quod
376 2502 400 2577 fi
425 2528 600 2604 germanos
621 2504 825 2576 restituerent
846 2500 972 2575 Meffe-

72 2622 138 2694 nios
148 2685 158 2715 ,
168 2649 300 2724 agerent
313 2624 452 2723 quidem
467 2625 601 2722 injuste,
615 2649 762 2699 attamen
775 2624 970 2723 magiarum
1019 2678 1022 2685 .

72 2766 211 2842 praetextu
224 2746 261 2827 in
277 2772 338 2817 nos
349 2744 596 2845 delinquerent:
613 2773 701 2820 nunc
714 2768 824 2818 autem
838 2743 968 2817 Hilotae

72 2863 103 2936 in
112 2864 224 2962 yicinii
233 2864 341 2937 nostri
352 2865 525 2939 collocant.
541 2867 653 2958 Quare
665 2891 735 2937 non
746 2864 810 2937 hoc
821 2863 968 2965 gravissi-

9 3085 10 3090 ἵ
72 3011 155 3058 mum
175 2988 220 3060 est
234 3038 246 3071 ,
261 2983 294 3059 ‘fi
315 3009 430 3087 ptaeter
454 2994 563 3084 jus&
587 3008 718 3085 aequum
737 2987 847 3056 nostra
870 2985 967 3059 nobis

71 3259 167 3322 tempus
176 3237 263 3323 quant
276 3259 386 3302 tanturn
397 3284 408 3314 ‚
420 3240 539 3323 nemp3,
556 3243 690 3323 temporis
704 3237 832 3321 spatium.
844 3283 851 3298 .
863 3283 871 3298 .
883 3285 890 3298 .

112 3323 155 3416 [1.
177 3363 232 3400 ιο.
245 3325 259 3416 J
278 3326 427 3407 Εἵλωτας.
445 3340 571 3412 Hilotae,
586 3337 657 3399 servi
669 3336 941 3398 Lacedaemoniorum
954 3378 965 3408 ‚

9 3441 10 3484 ἲ
68 3436 129 3496 'olim
143 3439 242 3498 incolae
256 3436 312 3497 vici
325 3439 414 3498 Helos
432 3439 462 3496 in
473 3435 604 3499 Laconia.
627 3441 725 3518 Quem
737 3437 830 3495 vicum
845 3434 967 3513 pervim

9 3531 11 3608 ζ
69 3555 188 3614 ceperunt
204 3533 432 3614 Lacedaemonii,
454 3543 482 3596 δι
502 3534 608 3596 incolas
626 3535 655 3592 in
669 3531 830 3596 servitutem
849 3528 966 3617 redege-

9 3641 10 3660 ³
68 3650 129 3694 tunt.
