2750 4742
213 299 776 396 ‚nunninuunrcuu
896 334 963 403 ur

75 441 184 542 Neque
198 442 240 521 de
248 446 355 547 parvis
369 429 563 546 quibusdam
578 501 589 533 ‚
609 476 670 526 nec
681 449 724 522 de
736 448 870 551 privatis
883 478 967 523 con-

76 564 220 637 trastibus
246 565 288 639 de
314 566 430 666 quibus
455 567 606 640 nonnulli
626 593 811 669 nugantur,
837 568 962 641 institui

72 685 239 771 differere,
259 687 315 761 sed
327 688 370 761 de
383 690 463 762 statu
475 689 628 773 Graeriae,
652 688 695 762 de
714 697 879 789 regum&
899 689 968 760 rei-

72 808 200 907 publicae
215 811 366 909 negotiis.
387 812 437 881 Ac
458 833 630 911 propterea
645 837 700 883 me
717 811 886 883 arbitratus
898 810 972 883 sum

78 930 160 999 tantb
173 930 278 1029 magis
291 930 393 1029 quim
408 930 432 1001 ii
448 932 505 1028 qui
521 928 704 1029 suggestum
725 928 972 1016 conscendunt,

78 1049 300 1122 honorandum
317 1050 409 1134 fore,
423 1052 547 1149 quantb
561 1050 740 1149 majoribus
755 1059 790 1124 &
806 1050 972 1150 pulchrio-

76 1166 156 1259 ribus
166 1170 208 1242 de
218 1168 313 1245 rebus
326 1171 424 1243 verba
437 1168 595 1265 facetum:
611 1197 753 1270 quorum
767 1195 878 1243 tamen
888 1172 973 1244 nihil

80 1290 165 1361 nobis'
178 1292 328 1391 cuntigit.
353 1293 459 1389 Atqui
469 1281 585 1365 umnes
595 1293 717 1364 nbrunt
727 1292 847 1364 multos
858 1318 972 1391 orato·

75 1392 228 1482 ,mon
242 1410 284 1484 de
303 1412 341 1485 iis
360 1440 432 1511 qnae
451 1412 575 1484 civitati
588 1412 733 1513 profint,
753 1437 787 1484 at
803 1414 848 1502 ,de
873 1414 913 1485 iis
933 1440 973 1486 ex

79 1531 184 1629 quibus
206 1532 265 1633 ipsi
286 1533 373 1605 lucra
389 1533 422 1607 se
440 1559 589 1635 capturos
609 1534 760 1634 sperant,
782 1535 974 1607 concionari

80 1653 206 1726 audere:
232 1682 287 1727 me
312 1680 420 1727 autem
442 1664 476 1729 &
493 1680 585 1726 meos
606 1681 674 1725 non
696 1652 824 1726 tanrlrm
841 1654 860 1726 tl
875 1652 972 1728 bonis

77 1772 204 1874 'publicis
227 1775 330 1873 magis
354 1764 453 1872 quim
481 1774 560 1847 alios
587 1774 745 1846 abstinere
760 1770 780 1858 ‚⁴
793 1774 850 1846 sed
872 1783 907 1847 ὅ(
929 1773 973 1848 de

81 1896 174 1967 nostri
187 1918 220 1967 re
232 1894 357 1994 privati
370 1894 412 1967 ad
425 1893 636 1970 sublevandas
649 1895 831 1996 reipublicae
842 1896 975 1969 nereffi·

82 2036 171 2099 rates,
193 2023 332 2115 majores
350 2015 450 2113 qulm
469 2040 529 2115 pro
550 2017 664 2087 nostris
685 2014 803 2115 opibus
826 2015 972 2116 sumptus

81 2133 183 2220 facere,
211 2134 264 2206 Ad
277 2136 365 2218 lraec,
381 2133 454 2206 illos
467 2134 503 2205 in
519 2136 755 2221 concionibu5‚
774 2159 828 2207 aut
838 2160 972 2235 propter
992 2225 995 2232 Ι

78 2253 156 2327 lucra
169 2256 285 2353 quibus
301 2254 450 2338 inhiant,
471 2254 529 2326 srbi
540 2255 718 2353 conviciari
734 2255 877 2327 invicem
886 2307 897 2339 ‚
915 2279 972 2329 aut

80 2374 161 2448 sociis
178 2375 331 2449 molestos
343 2374 429 2459 elle,
448 2400 503 2447 aut
520 2375 586 2447 sme
601 2365 791 2447 discrimine
807 2375 990 2472 quoslibet·

79 2492 278 2569 calumniari:
301 2522 355 2567 me
372 2499 450 2568 verb
463 2522 575 2571 earum
588 2498 775 2571 orationum
788 2498 971 2596 principem

80 2618 226 2704 ertitilse‚
245 2646 315 2717 quae
336 2620 469 2689 Graecos
495 2618 664 2689 hortentur
683 2617 754 2691 trim
772 2618 815 2689 ad
830 2644 972 2689 concor·

79 2738 158 2810 diam
168 2741 253 2811 inter
263 2739 349 2839 ipsos
359 2738 575 2822 firmandam,
591 2739 662 2813 tirm
673 2738 715 2811 ad
724 2739 970 2841 expeditionem

80 2861 182 2932 contrl
203 2861 361 2933 Barbaros
383 2858 641 2960 suscipiendam3
667 2870 702 2935 δι
722 2889 792 2960 quae
814 2862 970 2936 suadeant

79 2978 289 3055 'communiter
305 2980 346 3055 ab
362 2983 516 3055 omnibus
532 2983 677 3055 colonias
692 2984 729 3055 in
740 2984 839 3057 talem
852 2993 888 3058 &-
898 3008 970 3056 tan-

83 3315 146 3379 hanc
157 3341 255 3380 vocem
267 3323 296 3384 in
310 3320 412 3407 mulam
426 3340 531 3401 partem
544 3318 615 3381 sumi
627 3322 694 3382 dicit
707 3320 742 3381 de
753 3318 867 3402 periurii
877 3318 967 3404 depn-
1044 3326 1047 3331 ’

81 3412 122 3473 sul
139 3416 208 3497 apud
228 3414 391 3497 sequestrem
416 3436 502 3499 poenae
519 3422 655 3493 nomine,
677 3423 785 3499 quoties
804 3422 875 3476 inter
896 3417 966 3476 duos

81 3512 212 3593 quidpiam
227 3514 324 3575 contri
336 3517 426 3577 bonos
443 3534 535 3578 morer
553 3534 600 3577 aut
617 3512 749 3587 advertiis
768 3515 967 3596 rempublicam

82 3628 209 3673 convenit.

171 3720 332 3791 Tomell.
769 3680 848 3787 Ee*
957 3668 962 3677 ·
