2750 4742
265 298 814 395 nnnnrrrmtlrrcua,
921 307 992 407 48,

64 435 141 520 fore
164 439 376 536 arbitrabar,
396 449 441 537 fi,
459 478 564 551 quum
584 451 627 526 de
649 451 769 538 virtute
788 451 890 526 verba
900 451 992 528 face·

64 595 159 658 rem,
172 571 213 645 in
225 599 270 646 eo
283 573 488 664 elaborarem
499 573 603 674 magis
616 597 652 646 ut
661 600 723 674 pro
733 571 894 676 dignitate
904 574 992 652 illius

64 691 257 790 loquerer,
277 696 381 796 qualm
399 722 443 770 ne
461 695 562 770 elsetn
580 721 674 794 atquo
693 693 873 795 prolixior3
889 695 992 796 idque

66 812 307 916 haudignarus
317 817 384 891 tim
394 817 585 918 negletltum
594 815 753 890 orationis
761 816 903 892 modum
910 837 993 891 meae

66 936 183 1038 gloriae
195 940 389 1016 nociturum
401 940 483 1025 elle,
495 939 597 1038 quim
605 937 748 1039 prudens
759 937 803 1011 de
811 937 885 1038 ipsis
895 937 991 1012 rebus

67 1057 251 1134 confilium
274 1060 338 1138 illis
360 1069 443 1160 quos
467 1057 636 1134 laudarem
651 1055 882 1159 profuturum:
904 1081 991 1130 atta-
1024 1064 1031 1078 “

68 1207 168 1264 men,
193 1179 340 1254 utilitate
356 1180 528 1284 neglelli,
551 1179 708 1278 justitiam
728 1176 846 1280 delegi.
870 1177 991 1277 Neque

69 1303 147 1376 verb
157 1299 274 1374 solum
284 1300 320 1373 in
331 1297 381 1374 his
392 1330 462 1401 quae
472 1301 657 1375 nuncdi&a
668 1299 764 1385 sunt,
776 1324 831 1374 me
847 1300 991 1372 hocani-

68 1449 126 1494 mo
138 1419 241 1494 fuiffe
250 1420 434 1523 apparebit,
446 1421 504 1497 sed
513 1421 643 1524 prorsus
655 1419 866 1495 inomnibus.
880 1418 991 1495 Cons-

68 1541 151 1614 tabit
163 1541 264 1614 enim
279 1568 334 1616 me
345 1541 448 1628 etiam
465 1543 552 1615 inter
565 1540 742 1642 discipulos
754 1565 848 1614 meos
866 1541 906 1614 iis
917 1567 989 1614 am-

69 1659 151 1761 plitls
158 1661 325 1735 deleritari
337 1663 396 1762 qui
405 1661 472 1737 vital
483 1662 675 1738 &moribus
685 1661 866 1746 excellunt,
885 1663 988 1760 quaint

70 1781 107 1854 iis
122 1785 182 1882 qui
195 1782 392 1882 eloquenti&
405 1782 631 1858 inclarescunt.
654 1781 761 1882 Atqui
780 1781 859 1855 scite
874 1782 988 1855 ditto-

71 1928 162 1990 rum,
180 1901 313 1978 etiamfi
326 1903 410 1976 nihil
420 1905 562 1976 omnino
573 1900 791 1994 contulerim,
805 1928 923 1976 omnes
932 1925 988 1978 me

71 2049 222 2101 autorem
240 2027 409 2102 dicerent:
427 2028 515 2101 rettl
528 2025 694 2101 fautorum
711 2051 842 2112 autem,
862 2025 991 2134 ramerii⁸

72 2175 187 2222 ornnes
203 2149 321 2222 norint
334 2141 396 2223 me*
407 2149 502 2224 fuill'e
514 2148 700 2235 suasorem,
723 2173 825 2223 nemo
843 2151 890 2222 est
904 2149 986 2248 quin

72 2269 816 2372 eumipsumquiperfecifferres,laudandum
827 2268 961 2343 diceret.
1024 2341 1028 2346 .

116 2557 252 2638 Verlun
273 2552 384 2633 nescio
398 2558 466 2659 quo
487 2557 651 2660 abripior,
673 2581 778 2658 quum
791 2585 847 2633 me
860 2559 903 2632 ad
914 2569 983 2662 jam

16 2669 18 2672 ⁵
73 2675 157 2755 diota
172 2680 285 2754 adhuc
296 2681 436 2755 dicenda
451 2681 592 2780 adjicere
604 2703 791 2780 oporteret,
809 2684 983 2781 postquam

74 2798 258 2904 longilliml
270 2800 312 2876 ab
324 2789 472 2874 instituto
487 2799 642 2902 digress'us
655 2795 786 2874 firerinn
805 2801 902 2874 Nihil
916 2801 981 2903 igis·

76 2941 125 2994 tur
134 2921 225 2996 aliud
239 2923 352 3008 restat,
372 2921 431 2994 nifi
445 2945 482 2995 ut
490 2973 501 3006 ,
518 2919 618 3022 petiti
630 2919 791 3014 senestuti
800 2946 882 2998 rneae
893 2921 980 2996 obli·

76 3232 177 3315 lilsem,
193 3237 310 3302 subaudi
324 3286 332 3314 ‚
347 3258 443 3320 praerer
457 3237 526 3300 illud
538 3235 615 3322 quod
627 3238 751 3322 ipsorum
759 3241 889 3325 magister
899 3239 950 3301 fui.

123 3317 166 3412 [l.
186 3321 265 3416 η]
290 3339 352 3399 Post
369 3331 420 3417 ilai
435 3334 530 3397 admisi
548 3339 578 3396 in
594 3357 701 3399 textum
715 3325 809 3401 altrat
825 3337 904 3420 quod
920 3337 974 3400 lra-

75 3429 138 3493 benr
148 3437 177 3494 in
192 3438 320 3520 margine
333 3433 469 3496 editiones
484 3435 614 3516 Stephani
627 3444 655 3498 lt
669 3435 831 3499 Bafileenfia
856 3434 930 3500 Cod.
943 3438 974 3496 N

78 3529 142 3615 legit
153 3530 204 3614 lul
214 3525 365 3616 σύμζυλον
377 3529 573 3615 martinum.

123 3613 167 3710 [1.
188 3619 267 3714 η]
290 3635 352 3696 Post
365 3630 656 3718 llrrsubaudilplk
706 3671 715 3690 ι

617 3753 628 3784 ·
735 3730 806 3810 un
830 3733 853 3832 rj
981 3760 983 3764 -
1074 3729 1078 3734 ·
