2750 4742
315 405 934 528 incurvemus*
1000 433 1041 507 ῃ

111 564 162 630 δε
174 556 340 633 tenuiores
354 586 396 634 ne
410 557 561 634 invenite
574 556 712 657 quidem
729 556 819 631 bona
829 555 935 658 magis
949 581 1044 657 opta-

117 703 237 764 rent,
253 680 352 779 quim
366 679 386 752 εὶ
402 677 671 780 locupletioribus
690 678 747 752 sua
764 701 966 778 extorquere.
988 679 1045 750 Sa·

117 799 399 901 ctis-abrogatis,
420 799 463 874 ad
479 827 549 874 atas
570 797 637 874 sese
653 799 798 874 invicem
814 803 984 894 mtstant3
1005 805 1043 872 δε

119 945 224 992 nunc
235 920 340 1021 plures
355 920 452 994 unius
466 919 560 994 urbis
568 920 677 995 exules
694 919 770 994 sunt
786 919 888 1022 qulm
904 918 1043 994 antebac

122 1042 235 1114 totius
256 1041 484 1142 Peloponnesi.
516 1042 629 1141 Atque
650 1069 755 1142 quum
775 1066 826 1117 tot
847 1041 936 1116 male
959 1068 1044 1116 enu-

119 1189 256 1236 merata
270 1163 353 1248 stnt,
374 1162 465 1264 plura
482 1162 741 1264 protermistmus
759 1163 861 1263 qudm
879 1161 1045 1237 recensui-

124 1313 216 1359 mus.
239 1285 334 1358 Nihil
348 1285 440 1359 enim
456 1285 531 1358 duri
549 1308 605 1359 aut
618 1286 728 1358 acerbi
747 1284 815 1358 dici
831 1286 937 1386 potest
954 1284 1048 1384 quod

127 1434 206 1478 non
221 1407 297 1479 illuc
311 1407 522 1484 concurrerit.
545 1409 702 1499 Quorum
717 1406 795 1506 quia
815 1414 883 1503 jam
896 1405 978 1480 elios
995 1433 1049 1480 ce·

129 1528 209 1628 pit,
223 1527 365 1626 aliosque
379 1527 474 1601 brevi
484 1526 612 1628 satietas
625 1526 753 1627 capiet,
765 1552 845 1598 mor
858 1524 895 1598 id
906 1549 1005 1626 agent
1013 1550 1049 1599 ut

134 1647 346 1749 presentibus
364 1649 459 1721 malis
478 1649 664 1722 temedium
680 1647 818 1749 aliquod
833 1647 1049 1748 comperiant.

132 1769 254 1866 Neque
269 1770 361 1842 enim
373 1769 493 1870 putetis
506 1769 595 1870 ipsos
607 1771 643 1844 in
657 1769 722 1842 hoc
737 1795 847 1842 retum
863 1771 945 1842 statu
956 1768 1050 1867 quie-

134 1914 185 1962 tos
196 1889 260 1963 elle
276 1891 456 1964 mansuros.
476 1891 566 1964 Nam
581 1918 665 1992 quos
687 1889 883 1964 lass'avetunt
899 1888 1048 1963 secundet

136 2038 209 2096 tes„
225 2010 374 2086 adversas
386 2012 491 2114 longo
502 2037 651 2114 tempore
662 2013 720 2113 qul
733 2011 940 2086 tolerabunt?
956 2014 1049 2107 Qua·

139 2139 296 2234 propter,
315 2162 385 2207 non
400 2135 530 2208 tannim
544 2134 758 2238 lipugnando
777 2133 973 2220 vicerimus,
991 2132 1050 2207 sed

141 2256 280 2362 etiamfi
300 2258 406 2356 quieti
426 2258 729 2359 expedtavetimus‚
750 2285 807 2332 eos
829 2257 953 2330 mutati
971 2255 1049 2329 sen-

138 2378 240 2450 tentil
260 2378 415 2454 videbitis
435 2380 527 2455 sua'm
550 2364 688 2454 salutem
707 2380 743 2453 in
767 2378 875 2452 nostrl
896 2378 1050 2452 societate
1070 2365 1074 2372 ’

136 2497 366 2576 collocuturos.
390 2502 500 2575 [thas
515 2499 653 2601 quidem
666 2500 738 2604 spes
750 2508 886 2604 egomet
896 2499 1014 2573 habeo.
1033 2519 1037 2526 ’

189 3004 346 3084 Tantltmv
356 3027 466 3076 autem
480 3002 567 3076 abest
581 3026 616 3075 ut
628 2999 753 3101 aliquid
766 3026 883 3075 eorum
897 3029 969 3102 quae
986 3002 1051 3076 im·

140 3148 297 3226 petantur
311 3123 453 3208 faciam,
470 3147 529 3209 ut,
548 3121 667 3195 stnihil
680 3122 802 3195 horum
818 3121 911 3196 lieret
919 3175 930 3208 ,
944 3149 1053 3224 neque

142 3245 265 3319 auxilia
285 3242 436 3316 alicunde
449 3241 697 3329 obtineremus,
716 3241 774 3316 sed
791 3245 981 3317 Graecorum
997 3243 1053 3314 alii

142 3392 207 3438 nos
229 3364 356 3465 injuriis
378 3361 566 3452 afficerent,
583 3364 639 3437 alii
655 3364 883 3464 negligerent,
900 3389 942 3434 ne
956 3361 1054 3436 stede

140 3485 305 3560 sententid
319 3486 533 3571 decederem,
549 3486 607 3560 sed
620 3487 736 3560 omnia
747 3484 827 3559 belli
837 3482 981 3587 pericula
990 3481 1053 3556 luf-

143 3607 288 3680 tinetem
319 3607 428 3708 potitls
453 3607 556 3706 quim
586 3606 629 3679 ad
659 3606 728 3678 tdm
754 3629 862 3705 turpes
888 3603 1055 3706 pactiones

145 3726 393 3805 descenderem.
417 3727 508 3802 Nam
518 3725 685 3828 utriusque
697 3726 812 3802 reime
821 3724 977 3826 puderet,
991 3724 1056 3800 srve
