2750 4742
256 307 1009 444 'nnunrurnnicuc‘'5u

89 472 225 590 legatos¹
235 490 370 564 Thebas
394 489 480 563 mifit
500 485 559 590 qui
581 489 756 566 suaderent
772 515 809 565 ut
824 500 860 566 &
879 491 922 565 de
936 486 1016 566 tecl-

99 607 220 692 dendis
239 610 449 685 cadaveribus
467 609 608 684 sanclius
623 610 956 697 inirent'conlilium,
977 622 1014 686 δε
1036 701 1039 705 ,

97 731 222 828 aequius
236 732 336 830 quim
357 731 452 804 antei
467 728 659 829 responsum
672 729 807 817 clarent,
820 756 919 831 atque
931 733 1015 806 illud

96 848 344 924 subindicarent
358 855 502 924 nostram
516 851 685 924 civitatem
700 877 770 923 non
787 854 1014 952 'permilluram

97 971 194 1044 utnb
207 972 281 1072 iplis
294 971 481 1045 communis
495 971 649 1044 omnium
665 973 855 1045 Graecorum
872 973 924 1046 lex
939 973 1014 1049 uio'·

97 1088 229 1166 latetur.
254 1095 333 1166 Haec
353 1091 547 1190 accipientes
557 1141 569 1175 ,
581 1130 585 1137 ·
595 1090 654 1189 qui
671 1090 744 1164 tlun
759 1093 887 1166 Thebis
903 1093 1014 1196 impe-

96 1211 216 1285 rabant
233 1214 326 1286 alitet
341 1217 519 1286 statuerunt
538 1212 639 1310 quim
651 1221 687 1286 &
707 1212 854 1288 sentiunt
865 1217 1014 1316 plerique

94 1340 135 1404 &
151 1333 210 1433 ipsi
225 1321 313 1433 prilrs
328 1334 560 1429 decreverant3
575 1332 633 1408 sed
646 1361 751 1434 quum
762 1336 909 1410 modeste
919 1337 1012 1412 suurn

94 1453 229 1524 causam
243 1453 397 1555 egissent,
409 1465 448 1528 ·&
464 1455 658 1529 accusaffem
671 1484 728 1532 eos
741 1459 760 1532 l
775 1459 894 1559 quibus
908 1436 1010 1533 effent

90 1577 303 1675 oppugnati,
319 1579 433 1650 nostrae
442 1577 567 1652 civitati
577 1577 735 1654 cadavera
749 1580 1012 1656 tollendattndi-
1079 1663 1082 1665 Α

97 1693 231 1769 derunt.

146 2205 198 2278 Ac
210 2225 312 2278 nerno
326 2224 419 2305 putet
430 2231 485 2278 rne
495 2194 638 2288 nescire,
654 2195 865 2303 quiddicarn
875 2229 1009 2282 contra·
1062 2191 1080 2273 J

96 2324 146 2398 ria
159 2325 200 2400 iis
213 2352 284 2424 quae
295 2325 330 2396 in
344 2327 495 2399 oratione
506 2325 700 2426 panegyrici
709 2326 751 2399 de
763 2326 813 2398 his
825 2325 898 2426 iplis
907 2328 1010 2429 scrip·

95 2445 166 2519 fille
180 2444 303 2518 videar.
322 2443 452 2520 Verum
470 2445 618 2518 existimo
635 2446 806 2518 neminem
821 2466 937 2519 eorum
951 2449 1010 2547 qui

95 2566 167 2640 lraec
181 2565 363 2668 perspicere
384 2566 571 2666 potuerint,
590 2563 678 2638 turcl
693 2562 757 2640 elle
770 2569 923 2642 vecordil
935 2564 1009 2670 ple-

96 2713 183 2761 num
196 2698 231 2762 &
245 2687 391 2771 invidil,
409 2689 467 2786 qui
483 2714 538 2790 me
552 2714 622 2762 non
635 2681 763 2773 laudet,
780 2716 817 2761 ac
830 2689 1009 2789 prudenter

89 2803 196 2911 ‘agere
215 2809 371 2895 censeat,
393 2791 485 2909 qued
510 2831 587 2882 tunc
610 2807 670 2882 illo
685 2837 780 2916 nunc*
796 2810 860 2882 hoc
881 2811 1008 2898 modo,

94 2931 141 3004 'de
164 2931 210 3003 eis
230 2929 443 3004 differuerim.
473 2930 530 3002 De
558 2930 607 3030 his
632 2931 732 3032 igitur
755 2930 822 3004 scio
845 2957 901 3005 me
921 2935 1010 3007 recte

90 3051 251 3152 'scripfille
260 3077 358 3152 atque
366 3052 498 3126 utiliter.
507 3053 682 3145 Quantum
694 3077 804 3125 autem
815 3035 1011 3145 nostra'civi·

96 3196 146 3246 tas
157 3171 217 3244 illo
229 3186 377 3272 ternpore
388 3172 505 3246 bellici
514 3171 711 3267 fortitudine
722 3173 1010 3271 praestiterit(nam
1124 3230 1125 3233 ,

94 3292 1009 3392 u'thocdernonstrarem,earecensuiquae'lhebisfa&

94 3413 193 3508 sunt)
206 3466 217 3498 ‚
238 3412 275 3486 id
288 3414 408 3514 opinor
420 3413 575 3486 omnibus
593 3414 653 3486 illo
666 3413 739 3514 ipso
751 3438 872 3488 eventu
884 3413 1009 3513 planis-

93 3534 216 3609 sunum
229 3533 314 3619 elle,
329 3563 398 3634 quo
414 3543 450 3608 δε
461 3562 516 3609 rex
525 3535 730 3638 Argivorum
751 3534 876 3609 civitati
893 3537 1008 3608 nosttae

93 3657 233 3759 supplex
245 3657 317 3732 fieti
334 3665 465 3734 coactus
477 3658 539 3746 fit,
561 3667 596 3732 &
610 3653 1008 3732 Thebanorumducesec

202 3783 297 3854 Tomc
312 3781 361 3852 ΙΙ.
786 3775 831 3850 M
843 3803 880 3849 m
