<?xml version="1.0" encoding="UTF-8"?>
<!DOCTYPE html PUBLIC "-//W3C//DTD XHTML 1.0 Transitional//EN"
    "http://www.w3.org/TR/xhtml1/DTD/xhtml1-transitional.dtd">
<html xmlns="http://www.w3.org/1999/xhtml" xml:lang="en" lang="en">
 <head>
  <title>
</title>
<meta http-equiv="Content-Type" content="text/html;charset=utf-8" />
  <meta name='ocr-system' content='tesseract 3.04.00' />
  <meta name='ocr-capabilities' content='ocr_page ocr_carea ocr_par ocr_line ocrx_word'/>
</head>
<body>
  <div class='ocr_page' id='page_1' title='image "./isocratisoperao01augegoog_0485.png"; bbox 0 0 2750 4742; ppageno 0'>
   <div class='ocr_carea' id='block_1_1' title="bbox 260 297 1046 458">
    <p class='ocr_par' dir='ltr' id='par_1_1' title="bbox 260 297 1046 458">
     <span class='ocr_line' id='line_1_1' title="bbox 260 297 1046 458; baseline -0.008 -16"><span class='ocrx_word' id='word_1_1' title='bbox 260 365 792 444; x_wconf 83' lang='lat' dir='ltr'><strong>PANATHENAICUS.</strong></span> <span class='ocrx_word' id='word_1_2' title='bbox 913 363 985 458; x_wconf 74' lang='lat'>469</span> <span class='ocrx_word' id='word_1_3' title='bbox 1035 297 1046 316; x_wconf 89' lang='lat'><strong>·</strong></span> 
     </span>
    </p>
   </div>
   <div class='ocr_carea' id='block_1_2' title="bbox 73 509 1010 1213">
    <p class='ocr_par' dir='ltr' id='par_1_2' title="bbox 73 509 1010 1213">
     <span class='ocr_line' id='line_1_2' title="bbox 76 509 983 606; baseline 0.002 -24"><span class='ocrx_word' id='word_1_4' title='bbox 76 509 298 600; x_wconf 81' lang='lat' dir='ltr'>maledicunt,</span> <span class='ocrx_word' id='word_1_5' title='bbox 307 513 460 588; x_wconf 85' lang='lat' dir='ltr'>omniurn</span> <span class='ocrx_word' id='word_1_6' title='bbox 474 513 711 606; x_wconf 70' lang='lat' dir='ltr'>stolidissimoS,</span> <span class='ocrx_word' id='word_1_7' title='bbox 724 520 759 588; x_wconf 68' lang='grc' dir='ltr'>δὲ</span> <span class='ocrx_word' id='word_1_8' title='bbox 771 513 806 584; x_wconf 90' lang='lat' dir='ltr'>in</span> <span class='ocrx_word' id='word_1_9' title='bbox 816 511 909 584; x_wconf 66' lang='lat' dir='ltr'>causi</span> <span class='ocrx_word' id='word_1_10' title='bbox 919 509 983 584; x_wconf 79' lang='lat' dir='ltr'>effe</span> 
     </span>
     <span class='ocr_line' id='line_1_3' title="bbox 76 631 983 731; baseline 0.001 -28"><span class='ocrx_word' id='word_1_11' title='bbox 76 657 127 728; x_wconf 85' lang='lat' dir='ltr'>¹cur</span> <span class='ocrx_word' id='word_1_12' title='bbox 144 631 299 731; x_wconf 71' lang='lat' dir='ltr'>ipsorum</span> <span class='ocrx_word' id='word_1_13' title='bbox 312 635 410 708; x_wconf 83' lang='lat' dir='ltr'>¹amici</span> <span class='ocrx_word' id='word_1_14' title='bbox 431 635 450 708; x_wconf 81' lang='lat' dir='ltr'>d</span> <span class='ocrx_word' id='word_1_15' title='bbox 468 636 564 708; x_wconf 83' lang='lat' dir='ltr'>nobis</span> <span class='ocrx_word' id='word_1_16' title='bbox 585 635 671 708; x_wconf 70' lang='lat' dir='ltr'>mald</span> <span class='ocrx_word' id='word_1_17' title='bbox 689 635 837 722; x_wconf 84' lang='lat' dir='ltr'>audiant.</span> <span class='ocrx_word' id='word_1_18' title='bbox 865 636 983 726; x_wconf 83' lang='lat' dir='ltr'><strong>Quum</strong></span> 
     </span>
     <span class='ocr_line' id='line_1_4' title="bbox 75 751 1010 856; baseline 0.007 -34"><span class='ocrx_word' id='word_1_19' title='bbox 75 751 160 822; x_wconf 88' lang='lat' dir='ltr'>enim</span> <span class='ocrx_word' id='word_1_20' title='bbox 178 777 302 853; x_wconf 67' lang='lat' dir='ltr'>eorum</span> <span class='ocrx_word' id='word_1_21' title='bbox 326 782 387 828; x_wconf 81' lang='lat' dir='ltr'>nos</span> <span class='ocrx_word' id='word_1_22' title='bbox 409 755 587 830; x_wconf 53' lang='lat' dir='ltr'>accusarint</span> <span class='ocrx_word' id='word_1_23' title='bbox 604 754 723 853; x_wconf 88' lang='lat' dir='ltr'>quihus</span> <span class='ocrx_word' id='word_1_24' title='bbox 740 752 984 856; x_wconf 71' lang='lat' dir='ltr'>Lacedaemonii</span> <span class='ocrx_word' id='word_1_25' title='bbox 1006 841 1010 846; x_wconf 39' lang='grc'><em>,</em></span> 
     </span>
     <span class='ocr_line' id='line_1_5' title="bbox 74 871 983 969; baseline 0.006 -29"><span class='ocrx_word' id='word_1_26' title='bbox 74 871 178 969; x_wconf 75' lang='lat' dir='ltr'>potiris</span> <span class='ocrx_word' id='word_1_27' title='bbox 189 873 335 948; x_wconf 85' lang='lat' dir='ltr'>obnoxii</span> <span class='ocrx_word' id='word_1_28' title='bbox 349 875 444 962; x_wconf 88' lang='lat' dir='ltr'>sunt,</span> <span class='ocrx_word' id='word_1_29' title='bbox 462 902 532 949; x_wconf 90' lang='lat' dir='ltr'>non</span> <span class='ocrx_word' id='word_1_30' title='bbox 546 876 650 950; x_wconf 89' lang='lat' dir='ltr'>deerit</span> <span class='ocrx_word' id='word_1_31' title='bbox 663 875 759 948; x_wconf 87' lang='lat' dir='ltr'>nobis</span> <span class='ocrx_word' id='word_1_32' title='bbox 773 874 898 947; x_wconf 80' lang='lat' dir='ltr'>occasio</span> <span class='ocrx_word' id='word_1_33' title='bbox 908 900 983 945; x_wconf 78' lang='lat' dir='ltr'>ma-</span> 
     </span>
     <span class='ocr_line' id='line_1_6' title="bbox 73 992 983 1102; baseline 0.007 -42"><span class='ocrx_word' id='word_1_34' title='bbox 73 998 139 1087; x_wconf 85' lang='lat' dir='ltr'>jora</span> <span class='ocrx_word' id='word_1_35' title='bbox 158 992 304 1068; x_wconf 88' lang='lat' dir='ltr'>crimina</span> <span class='ocrx_word' id='word_1_36' title='bbox 325 996 426 1097; x_wconf 80' lang='lat' dir='ltr'>qudm</span> <span class='ocrx_word' id='word_1_37' title='bbox 447 997 482 1069; x_wconf 91' lang='lat' dir='ltr'>in</span> <span class='ocrx_word' id='word_1_38' title='bbox 505 1023 566 1070; x_wconf 89' lang='lat' dir='ltr'>nos</span> <span class='ocrx_word' id='word_1_39' title='bbox 587 996 707 1102; x_wconf 62' lang='lat' dir='ltr'>coliate</span> <span class='ocrx_word' id='word_1_40' title='bbox 726 994 817 1070; x_wconf 86' lang='lat' dir='ltr'>fuere</span> <span class='ocrx_word' id='word_1_41' title='bbox 827 1046 839 1079; x_wconf 90' lang='lat'>‚</span> <span class='ocrx_word' id='word_1_42' title='bbox 857 995 894 1067; x_wconf 89' lang='lat' dir='ltr'>in</span> <span class='ocrx_word' id='word_1_43' title='bbox 909 993 983 1067; x_wconf 74' lang='lat' dir='ltr'>illos</span> 
     </span>
     <span class='ocr_line' id='line_1_7' title="bbox 73 1113 253 1213; baseline 0.039 -32"><span class='ocrx_word' id='word_1_44' title='bbox 73 1113 253 1213; x_wconf 84' lang='lat' dir='ltr'>regerendi.</span> 
     </span>
    </p>
   </div>
   <div class='ocr_carea' id='block_1_3' title="bbox 52 1473 982 2154">
    <p class='ocr_par' dir='ltr' id='par_1_3' title="bbox 52 1473 982 2154">
     <span class='ocr_line' id='line_1_8' title="bbox 121 1473 980 1576; baseline 0.005 -32"><span class='ocrx_word' id='word_1_45' title='bbox 121 1478 167 1546; x_wconf 83' lang='lat'>1⁰.</span> <span class='ocrx_word' id='word_1_46' title='bbox 188 1473 313 1550; x_wconf 83' lang='lat' dir='ltr'>Veluti</span> <span class='ocrx_word' id='word_1_47' title='bbox 326 1473 427 1548; x_wconf 82' lang='lat' dir='ltr'>etiam</span> <span class='ocrx_word' id='word_1_48' title='bbox 441 1500 550 1561; x_wconf 90' lang='lat' dir='ltr'>nunc,</span> <span class='ocrx_word' id='word_1_49' title='bbox 572 1474 596 1548; x_wconf 85' lang='lat' dir='ltr'>fi</span> <span class='ocrx_word' id='word_1_50' title='bbox 612 1473 812 1576; x_wconf 86' lang='lat' dir='ltr'>judiciorum</span> <span class='ocrx_word' id='word_1_51' title='bbox 826 1473 869 1550; x_wconf 85' lang='lat' dir='ltr'>de</span> <span class='ocrx_word' id='word_1_52' title='bbox 886 1473 980 1548; x_wconf 81' lang='lat' dir='ltr'>sociis</span> 
     </span>
     <span class='ocr_line' id='line_1_9' title="bbox 52 1592 982 1695; baseline 0.006 -33"><span class='ocrx_word' id='word_1_53' title='bbox 52 1627 55 1632; x_wconf 40' lang='lat'>¹</span> <span class='ocrx_word' id='word_1_54' title='bbox 74 1593 123 1664; x_wconf 81' lang='lat' dir='ltr'>hic</span> <span class='ocrx_word' id='word_1_55' title='bbox 138 1592 310 1666; x_wconf 68' lang='lat' dir='ltr'>fanorum</span> <span class='ocrx_word' id='word_1_56' title='bbox 330 1593 565 1680; x_wconf 80' lang='lat' dir='ltr'>meminerint,</span> <span class='ocrx_word' id='word_1_57' title='bbox 585 1595 657 1693; x_wconf 86' lang='lat' dir='ltr'>quis</span> <span class='ocrx_word' id='word_1_58' title='bbox 677 1593 761 1668; x_wconf 75' lang='lat' dir='ltr'>adeb</span> <span class='ocrx_word' id='word_1_59' title='bbox 778 1593 922 1695; x_wconf 86' lang='lat' dir='ltr'>stupidus</span> <span class='ocrx_word' id='word_1_60' title='bbox 936 1597 982 1694; x_wconf 83' lang='lat' dir='ltr'>est</span> 
     </span>
     <span class='ocr_line' id='line_1_10' title="bbox 75 1713 981 1815; baseline 0.004 -31"><span class='ocrx_word' id='word_1_61' title='bbox 75 1713 150 1811; x_wconf 84' lang='lat' dir='ltr'>quin</span> <span class='ocrx_word' id='word_1_62' title='bbox 162 1713 263 1787; x_wconf 71' lang='lat' dir='ltr'>facile</span> <span class='ocrx_word' id='word_1_63' title='bbox 275 1713 471 1815; x_wconf 86' lang='lat' dir='ltr'>respondeat</span> <span class='ocrx_word' id='word_1_64' title='bbox 479 1715 586 1815; x_wconf 85' lang='lat' dir='ltr'>plnres</span> <span class='ocrx_word' id='word_1_65' title='bbox 598 1717 729 1788; x_wconf 85' lang='lat' dir='ltr'>Graecos</span> <span class='ocrx_word' id='word_1_66' title='bbox 741 1715 981 1789; x_wconf 77' lang='lat' dir='ltr'>dLacedaemo·</span> 
     </span>
     <span class='ocr_line' id='line_1_11' title="bbox 75 1832 981 1937; baseline 0.007 -35"><span class='ocrx_word' id='word_1_67' title='bbox 75 1832 132 1904; x_wconf 88' lang='lat' dir='ltr'>niis</span> <span class='ocrx_word' id='word_1_68' title='bbox 146 1833 277 1908; x_wconf 64' lang='lat' dir='ltr'>indicta</span> <span class='ocrx_word' id='word_1_69' title='bbox 293 1834 386 1907; x_wconf 62' lang='lat' dir='ltr'>causi</span> <span class='ocrx_word' id='word_1_70' title='bbox 405 1834 468 1908; x_wconf 83' lang='lat' dir='ltr'>ess&#39;e</span> <span class='ocrx_word' id='word_1_71' title='bbox 488 1834 698 1922; x_wconf 63' lang='lat' dir='ltr'>interfectos,</span> <span class='ocrx_word' id='word_1_72' title='bbox 712 1835 844 1937; x_wconf 71' lang='lat' dir='ltr'>qudrnd</span> <span class='ocrx_word' id='word_1_73' title='bbox 860 1835 981 1920; x_wconf 89' lang='lat' dir='ltr'>nobis,</span> 
     </span>
     <span class='ocr_line' id='line_1_12' title="bbox 77 1955 981 2060; baseline 0.007 -35"><span class='ocrx_word' id='word_1_74' title='bbox 77 1980 111 2026; x_wconf 84' lang='lat' dir='ltr'>ex</span> <span class='ocrx_word' id='word_1_75' title='bbox 123 1982 191 2054; x_wconf 90' lang='lat' dir='ltr'>quo</span> <span class='ocrx_word' id='word_1_76' title='bbox 208 1955 331 2028; x_wconf 89' lang='lat' dir='ltr'>urbem</span> <span class='ocrx_word' id='word_1_77' title='bbox 349 1956 547 2046; x_wconf 75' lang='lat' dir='ltr'>incolimus,</span> <span class='ocrx_word' id='word_1_78' title='bbox 565 1957 601 2028; x_wconf 91' lang='lat' dir='ltr'>in</span> <span class='ocrx_word' id='word_1_79' title='bbox 618 1965 672 2060; x_wconf 75' lang='lat' dir='ltr'><strong>jus,</strong></span> <span class='ocrx_word' id='word_1_80' title='bbox 682 1980 836 2042; x_wconf 81' lang='lat' dir='ltr'>vocatos,</span> <span class='ocrx_word' id='word_1_81' title='bbox 854 1963 890 2029; x_wconf 91' lang='lat'>&amp;</span> <span class='ocrx_word' id='word_1_82' title='bbox 902 1981 981 2031; x_wconf 74' lang='lat' dir='ltr'><strong>cau.-</strong></span> 
     </span>
     <span class='ocr_line' id='line_1_13' title="bbox 76 2073 431 2154; baseline 0.025 -9"><span class='ocrx_word' id='word_1_83' title='bbox 76 2073 140 2150; x_wconf 78' lang='lat' dir='ltr'>srm</span> <span class='ocrx_word' id='word_1_84' title='bbox 148 2076 262 2150; x_wconf 86' lang='lat' dir='ltr'>dicere</span> <span class='ocrx_word' id='word_1_85' title='bbox 276 2081 431 2154; x_wconf 61' lang='lat' dir='ltr'>coaetos?</span> 
     </span>
    </p>
   </div>
   <div class='ocr_carea' id='block_1_4' title="bbox 24 2425 1099 3864">
    <p class='ocr_par' dir='ltr' id='par_1_4' title="bbox 24 2425 985 3144">
     <span class='ocr_line' id='line_1_14' title="bbox 123 2425 980 2546; baseline -0.001 -28"><span class='ocrx_word' id='word_1_86' title='bbox 123 2467 173 2519; x_wconf 80' lang='lat'>20.</span> <span class='ocrx_word' id='word_1_87' title='bbox 198 2446 397 2546; x_wconf 87' lang='lat' dir='ltr'>Eodemque</span> <span class='ocrx_word' id='word_1_88' title='bbox 413 2444 541 2529; x_wconf 88' lang='lat' dir='ltr'>modo,</span> <span class='ocrx_word' id='word_1_89' title='bbox 564 2443 584 2517; x_wconf 80' lang='lat' dir='ltr'>si</span> <span class='ocrx_word' id='word_1_90' title='bbox 603 2443 645 2516; x_wconf 90' lang='lat' dir='ltr'>de</span> <span class='ocrx_word' id='word_1_91' title='bbox 666 2442 864 2516; x_wconf 86' lang='lat' dir='ltr'>tributorum</span> <span class='ocrx_word' id='word_1_92' title='bbox 883 2425 980 2517; x_wconf 78' lang='lat' dir='ltr'>exac-</span> 
     </span>
     <span class='ocr_line' id='line_1_15' title="bbox 78 2562 981 2666; baseline 0.001 -29"><span class='ocrx_word' id='word_1_93' title='bbox 78 2565 163 2639; x_wconf 86' lang='lat' dir='ltr'><strong>tione</strong></span> <span class='ocrx_word' id='word_1_94' title='bbox 194 2566 323 2666; x_wconf 68' lang='lat' dir='ltr'>ediquid</span> <span class='ocrx_word' id='word_1_95' title='bbox 354 2565 526 2649; x_wconf 85' lang='lat' dir='ltr'>dixerint,</span> <span class='ocrx_word' id='word_1_96' title='bbox 558 2562 757 2663; x_wconf 88' lang='lat' dir='ltr'>respondere</span> <span class='ocrx_word' id='word_1_97' title='bbox 789 2563 981 2662; x_wconf 84' lang='lat' dir='ltr'><strong>poterimus.</strong></span> 
     </span>
     <span class='ocr_line' id='line_1_16' title="bbox 77 2682 984 2785; baseline -0.001 -27"><span class='ocrx_word' id='word_1_98' title='bbox 77 2683 209 2762; x_wconf 83' lang='lat' dir='ltr'>Nostros</span> <span class='ocrx_word' id='word_1_99' title='bbox 234 2687 328 2760; x_wconf 89' lang='lat' dir='ltr'>enim</span> <span class='ocrx_word' id='word_1_100' title='bbox 350 2684 559 2759; x_wconf 86' lang='lat' dir='ltr'>ostendemus</span> <span class='ocrx_word' id='word_1_101' title='bbox 580 2710 693 2756; x_wconf 82' lang='lat' dir='ltr'>earum</span> <span class='ocrx_word' id='word_1_102' title='bbox 717 2682 888 2757; x_wconf 80' lang='lat' dir='ltr'>civitatum</span> <span class='ocrx_word' id='word_1_103' title='bbox 912 2711 984 2785; x_wconf 81' lang='lat' dir='ltr'>quae</span> 
     </span>
     <span class='ocr_line' id='line_1_17' title="bbox 79 2801 985 2907; baseline 0.003 -34"><span class='ocrx_word' id='word_1_104' title='bbox 79 2804 194 2879; x_wconf 82' lang='lat' dir='ltr'>tributa</span> <span class='ocrx_word' id='word_1_105' title='bbox 206 2805 428 2907; x_wconf 85' lang='lat' dir='ltr'>pependerint</span> <span class='ocrx_word' id='word_1_106' title='bbox 442 2802 629 2877; x_wconf 88' lang='lat' dir='ltr'>commodis</span> <span class='ocrx_word' id='word_1_107' title='bbox 649 2803 750 2902; x_wconf 68' lang='lat' dir='ltr'>longe</span> <span class='ocrx_word' id='word_1_108' title='bbox 767 2801 884 2876; x_wconf 82' lang='lat' dir='ltr'>melitis</span> <span class='ocrx_word' id='word_1_109' title='bbox 903 2829 985 2876; x_wconf 84' lang='lat' dir='ltr'>con-</span> 
     </span>
     <span class='ocr_line' id='line_1_18' title="bbox 79 2921 984 3025; baseline 0.003 -33"><span class='ocrx_word' id='word_1_110' title='bbox 79 2922 201 3000; x_wconf 80' lang='lat' dir='ltr'>suluisse</span> <span class='ocrx_word' id='word_1_111' title='bbox 215 2927 319 3025; x_wconf 80' lang='lat' dir='ltr'>qudm</span> <span class='ocrx_word' id='word_1_112' title='bbox 331 2925 608 2999; x_wconf 84' lang='lat' dir='ltr'>Lacedaemonios.</span> <span class='ocrx_word' id='word_1_113' title='bbox 628 2922 720 2996; x_wconf 89' lang='lat' dir='ltr'>Nam</span> <span class='ocrx_word' id='word_1_114' title='bbox 731 2921 875 3023; x_wconf 78' lang='lat' dir='ltr'>primirm</span> <span class='ocrx_word' id='word_1_115' title='bbox 890 2925 984 2997; x_wconf 86' lang='lat' dir='ltr'>nullo</span> 
     </span>
     <span class='ocr_line' id='line_1_19' title="bbox 24 3039 982 3144; baseline 0 -30"><span class='ocrx_word' id='word_1_116' title='bbox 24 3079 29 3088; x_wconf 95' lang='lat'><em>·</em></span> <span class='ocrx_word' id='word_1_117' title='bbox 80 3043 185 3118; x_wconf 61' lang='lat' dir='ltr'>edicto</span> <span class='ocrx_word' id='word_1_118' title='bbox 202 3050 336 3131; x_wconf 88' lang='lat' dir='ltr'>nostro,</span> <span class='ocrx_word' id='word_1_119' title='bbox 355 3044 412 3118; x_wconf 88' lang='lat' dir='ltr'>sed</span> <span class='ocrx_word' id='word_1_120' title='bbox 426 3045 486 3117; x_wconf 87' lang='lat' dir='ltr'>suo</span> <span class='ocrx_word' id='word_1_121' title='bbox 499 3045 607 3144; x_wconf 76' lang='lat' dir='ltr'>potitis</span> <span class='ocrx_word' id='word_1_122' title='bbox 623 3043 758 3116; x_wconf 86' lang='lat' dir='ltr'>decreto</span> <span class='ocrx_word' id='word_1_123' title='bbox 769 3041 805 3114; x_wconf 92' lang='lat' dir='ltr'>id</span> <span class='ocrx_word' id='word_1_124' title='bbox 815 3039 982 3127; x_wconf 81' lang='lat' dir='ltr'>fecerunt,</span> 
     </span>
    </p>

    <p class='ocr_par' dir='ltr' id='par_1_5' title="bbox 50 3160 1099 3750">
     <span class='ocr_line' id='line_1_20' title="bbox 50 3160 985 3266; baseline -0.005 -24"><span class='ocrx_word' id='word_1_125' title='bbox 50 3234 52 3242; x_wconf 88' lang='grc'><em>,</em></span> <span class='ocrx_word' id='word_1_126' title='bbox 78 3177 176 3261; x_wconf 87' lang='lat' dir='ltr'>&#39;quum</span> <span class='ocrx_word' id='word_1_127' title='bbox 203 3166 503 3266; x_wconf 84' lang='lat' dir='ltr'>maris·imperium</span> <span class='ocrx_word' id='word_1_128' title='bbox 526 3165 624 3237; x_wconf 83' lang='lat' dir='ltr'>nobis</span> <span class='ocrx_word' id='word_1_129' title='bbox 647 3162 816 3236; x_wconf 87' lang='lat' dir='ltr'>offerrent.</span> <span class='ocrx_word' id='word_1_130' title='bbox 848 3160 985 3237; x_wconf 69' lang='lat' dir='ltr'>Deinde</span> 
     </span>
     <span class='ocr_line' id='line_1_21' title="bbox 80 3279 1083 3382; baseline 0.001 -29"><span class='ocrx_word' id='word_1_131' title='bbox 80 3285 301 3382; x_wconf 87' lang='lat' dir='ltr'>pependerunt</span> <span class='ocrx_word' id='word_1_132' title='bbox 314 3311 384 3356; x_wconf 87' lang='lat' dir='ltr'>non</span> <span class='ocrx_word' id='word_1_133' title='bbox 397 3285 511 3356; x_wconf 81' lang='lat' dir='ltr'>nostrae</span> <span class='ocrx_word' id='word_1_134' title='bbox 524 3281 634 3356; x_wconf 80' lang='lat' dir='ltr'>salutis</span> <span class='ocrx_word' id='word_1_135' title='bbox 645 3281 757 3376; x_wconf 62' lang='lat' dir='ltr'>rausij</span> <span class='ocrx_word' id='word_1_136' title='bbox 773 3279 831 3354; x_wconf 89' lang='lat' dir='ltr'>sed</span> <span class='ocrx_word' id='word_1_137' title='bbox 843 3304 880 3353; x_wconf 90' lang='lat' dir='ltr'>ut</span> <span class='ocrx_word' id='word_1_138' title='bbox 893 3281 985 3354; x_wconf 86' lang='lat' dir='ltr'>suam</span> <span class='ocrx_word' id='word_1_139' title='bbox 1079 3279 1083 3284; x_wconf 70' lang='grc'><strong>’</strong></span> 
     </span>
     <span class='ocr_line' id='line_1_22' title="bbox 81 3400 983 3500; baseline 0.002 -29"><span class='ocrx_word' id='word_1_140' title='bbox 81 3400 221 3500; x_wconf 88' lang='lat' dir='ltr'>ipsorum</span> <span class='ocrx_word' id='word_1_141' title='bbox 247 3405 486 3489; x_wconf 70' lang='lat' dir='ltr'>democratiam</span> <span class='ocrx_word' id='word_1_142' title='bbox 515 3414 551 3478; x_wconf 77' lang='grc' dir='ltr'>δι</span> <span class='ocrx_word' id='word_1_143' title='bbox 578 3403 764 3476; x_wconf 85' lang='lat' dir='ltr'>libertatem</span> <span class='ocrx_word' id='word_1_144' title='bbox 790 3425 983 3488; x_wconf 80' lang='lat' dir='ltr'>tuerentur,</span> 
     </span>
     <span class='ocr_line' id='line_1_23' title="bbox 82 3511 985 3627; baseline 0.002 -35"><span class='ocrx_word' id='word_1_145' title='bbox 82 3511 177 3612; x_wconf 88' lang='lat' dir='ltr'>neve,</span> <span class='ocrx_word' id='word_1_146' title='bbox 192 3527 365 3602; x_wconf 60' lang='lat' dir='ltr'>constituti</span> <span class='ocrx_word' id='word_1_147' title='bbox 379 3553 557 3627; x_wconf 83' lang='lat' dir='ltr'>paucorum</span> <span class='ocrx_word' id='word_1_148' title='bbox 568 3522 733 3625; x_wconf 71' lang='lat' dir='ltr'>potentini,</span> <span class='ocrx_word' id='word_1_149' title='bbox 748 3522 784 3593; x_wconf 81' lang='lat' dir='ltr'>in&#39;</span> <span class='ocrx_word' id='word_1_150' title='bbox 796 3545 885 3593; x_wconf 84' lang='lat' dir='ltr'>tanta</span> <span class='ocrx_word' id='word_1_151' title='bbox 897 3522 985 3594; x_wconf 83' lang='lat' dir='ltr'>mala</span> 
     </span>
     <span class='ocr_line' id='line_1_24' title="bbox 83 3639 1099 3750; baseline -0.007 -31"><span class='ocrx_word' id='word_1_152' title='bbox 83 3641 284 3740; x_wconf 71' lang='lat' dir='ltr'>inciderent,</span> <span class='ocrx_word' id='word_1_153' title='bbox 302 3670 425 3750; x_wconf 84' lang='lat' dir='ltr'>quanta</span> <span class='ocrx_word' id='word_1_154' title='bbox 439 3645 499 3722; x_wconf 86' lang='lat' dir='ltr'>sub</span> <span class='ocrx_word' id='word_1_155' title='bbox 514 3643 709 3722; x_wconf 82' lang='lat' dir='ltr'>decemviris</span> <span class='ocrx_word' id='word_1_156' title='bbox 726 3651 762 3719; x_wconf 89' lang='lat'>&amp;</span> <span class='ocrx_word' id='word_1_157' title='bbox 773 3639 986 3720; x_wconf 63' lang='lat' dir='ltr'>Lacedaemo·</span> <span class='ocrx_word' id='word_1_158' title='bbox 1094 3704 1099 3712; x_wconf 81' lang='grc'>.</span> 
     </span>
    </p>

    <p class='ocr_par' dir='ltr' id='par_1_6' title="bbox 720 3760 844 3864">
     <span class='ocr_line' id='line_1_25' title="bbox 720 3760 844 3864; baseline -0.008 -30"><span class='ocrx_word' id='word_1_159' title='bbox 720 3763 786 3864; x_wconf 79' lang='lat' dir='ltr'>Gg</span> <span class='ocrx_word' id='word_1_160' title='bbox 808 3760 844 3862; x_wconf 78' lang='lat' dir='ltr'>iij</span> 
     </span>
    </p>
   </div>
   <div class='ocr_carea' id='block_1_5' title="bbox 0 0 1387 4742">
    <p class='ocr_par' dir='ltr' id='par_1_7' title="bbox 0 0 1387 4742">
     <span class='ocr_line' id='line_1_26' title="bbox 0 0 1387 4742; baseline 0 0"><span class='ocrx_word' id='word_1_161' title='bbox 0 0 1387 4742; x_wconf 95' lang='lat' dir='ltr'> </span> 
     </span>
    </p>
   </div>
  </div>
 </body>
</html>
