<?xml version="1.0" encoding="UTF-8"?>
<!DOCTYPE html PUBLIC "-//W3C//DTD XHTML 1.0 Transitional//EN"
    "http://www.w3.org/TR/xhtml1/DTD/xhtml1-transitional.dtd">
<html xmlns="http://www.w3.org/1999/xhtml" xml:lang="en" lang="en">
 <head>
  <title>
</title>
<meta http-equiv="Content-Type" content="text/html;charset=utf-8" />
  <meta name='ocr-system' content='tesseract 3.04.00' />
  <meta name='ocr-capabilities' content='ocr_page ocr_carea ocr_par ocr_line ocrx_word'/>
</head>
<body>
  <div class='ocr_page' id='page_1' title='image "./isocratisoperao01augegoog_0125.png"; bbox 0 0 2750 4742; ppageno 0'>
   <div class='ocr_carea' id='block_1_1' title="bbox 155 348 973 471">
    <p class='ocr_par' dir='ltr' id='par_1_1' title="bbox 155 348 973 471">
     <span class='ocr_line' id='line_1_1' title="bbox 155 348 973 471; baseline 0.011 -43"><span class='ocrx_word' id='word_1_1' title='bbox 155 348 606 471; x_wconf 44' lang='grc' dir='ltr'>ΓἈΚΕΟΡΆΙΟΙΤΙΕᾹ</span> <span class='ocrx_word' id='word_1_2' title='bbox 628 348 853 433; x_wconf 82' lang='lat' dir='ltr'><strong>ORATIO.</strong></span> <span class='ocrx_word' id='word_1_3' title='bbox 905 354 973 456; x_wconf 59' lang='lat' dir='ltr'>rol</span> 
     </span>
    </p>
   </div>
   <div class='ocr_carea' id='block_1_2' title="bbox 18 501 1042 3153">
    <p class='ocr_par' dir='ltr' id='par_1_2' title="bbox 18 486 1042 3153">
     <span class='ocr_line' id='line_1_2' title="bbox 83 501 977 605; baseline 0.004 -28.729"><span class='ocrx_word' id='word_1_4' title='bbox 83 501 977 605; x_wconf 78' lang='lat' dir='ltr'>iludadministrarionisgenusinstituerunt,nonquod</span> 
     </span>
     <span class='ocr_line' id='line_1_3' title="bbox 18 621 974 727; baseline 0.004 -32"><span class='ocrx_word' id='word_1_5' title='bbox 18 626 20 633; x_wconf 72' lang='grc'><strong>“</strong></span> <span class='ocrx_word' id='word_1_6' title='bbox 83 625 200 697; x_wconf 90' lang='lat' dir='ltr'>nomine</span> <span class='ocrx_word' id='word_1_7' title='bbox 211 622 350 722; x_wconf 91' lang='lat' dir='ltr'>quidem</span> <span class='ocrx_word' id='word_1_8' title='bbox 359 621 592 725; x_wconf 81' lang='lat' dir='ltr'>humanillimo</span> <span class='ocrx_word' id='word_1_9' title='bbox 605 632 641 698; x_wconf 91' lang='lat'>&amp;</span> <span class='ocrx_word' id='word_1_10' title='bbox 655 623 820 697; x_wconf 87' lang='lat' dir='ltr'>leniliimo</span> <span class='ocrx_word' id='word_1_11' title='bbox 830 627 974 727; x_wconf 53' lang='lat' dir='ltr'>appellas</span> 
     </span>
     <span class='ocr_line' id='line_1_4' title="bbox 83 744 974 846; baseline 0.004 -29"><span class='ocrx_word' id='word_1_12' title='bbox 83 770 153 820; x_wconf 85' lang='lat' dir='ltr'>retur</span> <span class='ocrx_word' id='word_1_13' title='bbox 165 800 175 829; x_wconf 85' lang='lat'>,</span> <span class='ocrx_word' id='word_1_14' title='bbox 188 745 294 846; x_wconf 74' lang='lat' dir='ltr'>reipsi</span> <span class='ocrx_word' id='word_1_15' title='bbox 314 746 395 818; x_wconf 76' lang='lat' dir='ltr'>verb</span> <span class='ocrx_word' id='word_1_16' title='bbox 415 744 656 844; x_wconf 72' lang='lat' dir='ltr'>experientibus</span> <span class='ocrx_word' id='word_1_17' title='bbox 676 746 765 820; x_wconf 84' lang='lat' dir='ltr'>aliud</span> <span class='ocrx_word' id='word_1_18' title='bbox 782 746 974 844; x_wconf 86' lang='lat' dir='ltr'>videretur;</span> 
     </span>
     <span class='ocr_line' id='line_1_5' title="bbox 84 856 976 967; baseline 0.002 -28"><span class='ocrx_word' id='word_1_19' title='bbox 84 894 170 965; x_wconf 86' lang='lat' dir='ltr'>neque</span> <span class='ocrx_word' id='word_1_20' title='bbox 181 866 221 939; x_wconf 83' lang='lat' dir='ltr'>stc</span> <span class='ocrx_word' id='word_1_21' title='bbox 229 856 427 943; x_wconf 76' lang='lat' dir='ltr'>erudiebant</span> <span class='ocrx_word' id='word_1_22' title='bbox 438 868 526 939; x_wconf 80' lang='lat' dir='ltr'>cives</span> <span class='ocrx_word' id='word_1_23' title='bbox 538 918 549 950; x_wconf 89' lang='lat'>,</span> <span class='ocrx_word' id='word_1_24' title='bbox 564 890 601 939; x_wconf 88' lang='lat' dir='ltr'>ut</span> <span class='ocrx_word' id='word_1_25' title='bbox 614 867 649 937; x_wconf 94' lang='lat' dir='ltr'>in</span> <span class='ocrx_word' id='word_1_26' title='bbox 663 866 842 967; x_wconf 73' lang='lat' dir='ltr'>petulantii</span> <span class='ocrx_word' id='word_1_27' title='bbox 854 869 976 944; x_wconf 82' lang='lat' dir='ltr'>demo-</span> 
     </span>
     <span class='ocr_line' id='line_1_6' title="bbox 84 985 976 1089; baseline 0 -26"><span class='ocrx_word' id='word_1_28' title='bbox 84 990 216 1084; x_wconf 74' lang='lat' dir='ltr'>cratiam5</span> <span class='ocrx_word' id='word_1_29' title='bbox 238 989 275 1059; x_wconf 92' lang='lat' dir='ltr'>in</span> <span class='ocrx_word' id='word_1_30' title='bbox 291 986 572 1089; x_wconf 12' lang='lat' dir='ltr'>legumtnegleelu</span> <span class='ocrx_word' id='word_1_31' title='bbox 591 985 802 1084; x_wconf 81' lang='lat' dir='ltr'>libertatem3</span> <span class='ocrx_word' id='word_1_32' title='bbox 822 990 859 1062; x_wconf 91' lang='lat' dir='ltr'>in</span> <span class='ocrx_word' id='word_1_33' title='bbox 872 990 976 1063; x_wconf 81' lang='lat' dir='ltr'>auda·</span> 
     </span>
     <span class='ocr_line' id='line_1_7' title="bbox 81 1108 974 1208; baseline 0.002 -27"><span class='ocrx_word' id='word_1_34' title='bbox 81 1110 116 1181; x_wconf 82' lang='lat' dir='ltr'>cil</span> <span class='ocrx_word' id='word_1_35' title='bbox 128 1109 253 1208; x_wconf 90' lang='lat' dir='ltr'>quidvis</span> <span class='ocrx_word' id='word_1_36' title='bbox 270 1108 435 1207; x_wconf 90' lang='lat' dir='ltr'>loquendi</span> <span class='ocrx_word' id='word_1_37' title='bbox 450 1108 692 1208; x_wconf 70' lang='lat' dir='ltr'>equalitatem,</span> <span class='ocrx_word' id='word_1_38' title='bbox 707 1118 744 1184; x_wconf 76' lang='grc' dir='ltr'>δι</span> <span class='ocrx_word' id='word_1_39' title='bbox 759 1112 796 1181; x_wconf 92' lang='lat' dir='ltr'>in</span> <span class='ocrx_word' id='word_1_40' title='bbox 812 1111 974 1193; x_wconf 66' lang='lat' dir='ltr'>hodierni</span> 
     </span>
     <span class='ocr_line' id='line_1_8' title="bbox 79 1228 974 1330; baseline 0.007 -29"><span class='ocrx_word' id='word_1_41' title='bbox 79 1230 124 1301; x_wconf 79' lang='lat' dir='ltr'>lle</span> <span class='ocrx_word' id='word_1_42' title='bbox 140 1230 268 1303; x_wconf 71' lang='lat' dir='ltr'>licentii</span> <span class='ocrx_word' id='word_1_43' title='bbox 287 1229 480 1303; x_wconf 86' lang='lat' dir='ltr'>felicitatem</span> <span class='ocrx_word' id='word_1_44' title='bbox 493 1228 556 1301; x_wconf 84' lang='lat' dir='ltr'>elle</span> <span class='ocrx_word' id='word_1_45' title='bbox 576 1228 715 1330; x_wconf 85' lang='lat' dir='ltr'>positam</span> <span class='ocrx_word' id='word_1_46' title='bbox 729 1232 974 1307; x_wconf 85' lang='lat' dir='ltr'>existimarent:</span> 
     </span>
     <span class='ocr_line' id='line_1_9' title="bbox 80 1350 974 1455; baseline 0.007 -33"><span class='ocrx_word' id='word_1_47' title='bbox 80 1351 121 1423; x_wconf 84' lang='lat' dir='ltr'>led</span> <span class='ocrx_word' id='word_1_48' title='bbox 135 1380 234 1451; x_wconf 90' lang='lat' dir='ltr'>quum</span> <span class='ocrx_word' id='word_1_49' title='bbox 252 1350 415 1451; x_wconf 85' lang='lat' dir='ltr'>ejusmodi</span> <span class='ocrx_word' id='word_1_50' title='bbox 434 1353 588 1423; x_wconf 86' lang='lat' dir='ltr'>homines</span> <span class='ocrx_word' id='word_1_51' title='bbox 606 1359 641 1425; x_wconf 68' lang='grc' dir='ltr'>δε</span> <span class='ocrx_word' id='word_1_52' title='bbox 658 1350 802 1425; x_wconf 85' lang='lat' dir='ltr'>odilsent</span> <span class='ocrx_word' id='word_1_53' title='bbox 820 1363 857 1427; x_wconf 77' lang='grc' dir='ltr'>δι</span> <span class='ocrx_word' id='word_1_54' title='bbox 876 1356 974 1455; x_wconf 88' lang='lat' dir='ltr'>puni·</span> 
     </span>
     <span class='ocr_line' id='line_1_10' title="bbox 78 1471 974 1571; baseline 0.004 -27"><span class='ocrx_word' id='word_1_55' title='bbox 78 1496 155 1571; x_wconf 85' lang='lat' dir='ltr'>rent,</span> <span class='ocrx_word' id='word_1_56' title='bbox 173 1472 258 1547; x_wconf 87' lang='lat' dir='ltr'>cives</span> <span class='ocrx_word' id='word_1_57' title='bbox 271 1471 439 1546; x_wconf 88' lang='lat' dir='ltr'>universos</span> <span class='ocrx_word' id='word_1_58' title='bbox 451 1472 605 1545; x_wconf 89' lang='lat' dir='ltr'>meliores</span> <span class='ocrx_word' id='word_1_59' title='bbox 618 1480 653 1545; x_wconf 73' lang='grc' dir='ltr'>δι</span> <span class='ocrx_word' id='word_1_60' title='bbox 667 1473 881 1547; x_wconf 85' lang='lat' dir='ltr'>modestiores</span> <span class='ocrx_word' id='word_1_61' title='bbox 895 1474 974 1548; x_wconf 88' lang='lat' dir='ltr'>effe·</span> 
     </span>
     <span class='ocr_line' id='line_1_11' title="bbox 77 1593 1010 1672; baseline 0.006 -7"><span class='ocrx_word' id='word_1_62' title='bbox 77 1619 183 1667; x_wconf 78' lang='lat' dir='ltr'>cerunt.</span> <span class='ocrx_word' id='word_1_63' title='bbox 203 1593 388 1666; x_wconf 76' lang='lat' dir='ltr'>Plurimum</span> <span class='ocrx_word' id='word_1_64' title='bbox 402 1618 512 1666; x_wconf 85' lang='lat' dir='ltr'>autem</span> <span class='ocrx_word' id='word_1_65' title='bbox 526 1594 567 1667; x_wconf 89' lang='lat' dir='ltr'>ad</span> <span class='ocrx_word' id='word_1_66' title='bbox 582 1597 700 1667; x_wconf 85' lang='lat' dir='ltr'>statum</span> <span class='ocrx_word' id='word_1_67' title='bbox 712 1594 844 1669; x_wconf 85' lang='lat' dir='ltr'><strong>felicem</strong></span> <span class='ocrx_word' id='word_1_68' title='bbox 857 1597 973 1672; x_wconf 79' lang='lat' dir='ltr'>civita·</span> <span class='ocrx_word' id='word_1_69' title='bbox 1006 1664 1010 1671; x_wconf 91' lang='lat'>.</span> 
     </span>
     <span class='ocr_line' id='line_1_12' title="bbox 76 1698 972 1819; baseline 0.006 -31"><span class='ocrx_word' id='word_1_70' title='bbox 76 1715 196 1789; x_wconf 86' lang='lat' dir='ltr'>tisillud</span> <span class='ocrx_word' id='word_1_71' title='bbox 207 1718 252 1788; x_wconf 87' lang='lat' dir='ltr'>eis</span> <span class='ocrx_word' id='word_1_72' title='bbox 264 1698 478 1801; x_wconf 85' lang='lat' dir='ltr'>conferebat,</span> <span class='ocrx_word' id='word_1_73' title='bbox 496 1699 608 1816; x_wconf 86' lang='lat' dir='ltr'>qubd,</span> <span class='ocrx_word' id='word_1_74' title='bbox 623 1745 728 1816; x_wconf 92' lang='lat' dir='ltr'>quum</span> <span class='ocrx_word' id='word_1_75' title='bbox 738 1717 806 1790; x_wconf 92' lang='lat' dir='ltr'>duo</span> <span class='ocrx_word' id='word_1_76' title='bbox 817 1743 972 1819; x_wconf 85' lang='lat' dir='ltr'>putentur</span> 
     </span>
     <span class='ocr_line' id='line_1_13' title="bbox 76 1832 974 1939; baseline 0.004 -30"><span class='ocrx_word' id='word_1_77' title='bbox 76 1836 249 1935; x_wconf 74' lang='lat' dir='ltr'>equalitatis</span> <span class='ocrx_word' id='word_1_78' title='bbox 260 1836 324 1910; x_wconf 79' lang='lat' dir='ltr'>else</span> <span class='ocrx_word' id='word_1_79' title='bbox 336 1863 474 1939; x_wconf 85' lang='lat' dir='ltr'>genera,</span> <span class='ocrx_word' id='word_1_80' title='bbox 488 1865 631 1937; x_wconf 90' lang='lat' dir='ltr'>quorum</span> <span class='ocrx_word' id='word_1_81' title='bbox 645 1838 745 1910; x_wconf 86' lang='lat' dir='ltr'>altera</span> <span class='ocrx_word' id='word_1_82' title='bbox 755 1838 846 1911; x_wconf 91' lang='lat' dir='ltr'>idem</span> <span class='ocrx_word' id='word_1_83' title='bbox 856 1832 974 1913; x_wconf 48' lang='lat' dir='ltr'>omni-¹</span> 
     </span>
     <span class='ocr_line' id='line_1_14' title="bbox 77 1958 973 2061; baseline 0.006 -32"><span class='ocrx_word' id='word_1_84' title='bbox 77 1958 148 2043; x_wconf 80' lang='lat' dir='ltr'>bus,</span> <span class='ocrx_word' id='word_1_85' title='bbox 166 1958 265 2031; x_wconf 82' lang='lat' dir='ltr'>altera</span> <span class='ocrx_word' id='word_1_86' title='bbox 279 1958 411 2059; x_wconf 81' lang='lat' dir='ltr'>singulis</span> <span class='ocrx_word' id='word_1_87' title='bbox 429 1960 489 2059; x_wconf 89' lang='lat' dir='ltr'>pro</span> <span class='ocrx_word' id='word_1_88' title='bbox 504 1958 665 2057; x_wconf 85' lang='lat' dir='ltr'>dignitate</span> <span class='ocrx_word' id='word_1_89' title='bbox 678 1958 815 2044; x_wconf 81' lang='lat' dir='ltr'>tribuit,</span> <span class='ocrx_word' id='word_1_90' title='bbox 835 1986 905 2032; x_wconf 91' lang='lat' dir='ltr'>non</span> <span class='ocrx_word' id='word_1_91' title='bbox 918 1962 973 2061; x_wconf 81' lang='lat' dir='ltr'>ig·</span> 
     </span>
     <span class='ocr_line' id='line_1_15' title="bbox 75 2074 972 2181; baseline 0.006 -32"><span class='ocrx_word' id='word_1_92' title='bbox 75 2078 217 2152; x_wconf 75' lang='lat' dir='ltr'>norirunt</span> <span class='ocrx_word' id='word_1_93' title='bbox 231 2080 302 2153; x_wconf 85' lang='lat' dir='ltr'>utra</span> <span class='ocrx_word' id='word_1_94' title='bbox 313 2074 392 2152; x_wconf 86' lang='lat' dir='ltr'>ellet</span> <span class='ocrx_word' id='word_1_95' title='bbox 409 2078 521 2151; x_wconf 90' lang='lat' dir='ltr'>utilior</span> <span class='ocrx_word' id='word_1_96' title='bbox 534 2107 544 2175; x_wconf 80' lang='lat'>3</span> <span class='ocrx_word' id='word_1_97' title='bbox 559 2078 616 2153; x_wconf 92' lang='lat' dir='ltr'>sed</span> <span class='ocrx_word' id='word_1_98' title='bbox 631 2080 692 2151; x_wconf 75' lang='lat' dir='ltr'>hic</span> <span class='ocrx_word' id='word_1_99' title='bbox 705 2080 888 2178; x_wconf 74' lang='lat' dir='ltr'>aequalitate</span> <span class='ocrx_word' id='word_1_100' title='bbox 901 2109 972 2181; x_wconf 78' lang='lat' dir='ltr'>que</span> 
     </span>
     <span class='ocr_line' id='line_1_16' title="bbox 74 2189 1042 2309; baseline 0.004 -39"><span class='ocrx_word' id='word_1_101' title='bbox 74 2201 191 2273; x_wconf 91' lang='lat' dir='ltr'>nullum</span> <span class='ocrx_word' id='word_1_102' title='bbox 206 2200 382 2273; x_wconf 85' lang='lat' dir='ltr'>discrimen</span> <span class='ocrx_word' id='word_1_103' title='bbox 401 2198 479 2271; x_wconf 81' lang='lat' dir='ltr'>facit</span> <span class='ocrx_word' id='word_1_104' title='bbox 496 2200 581 2272; x_wconf 90' lang='lat' dir='ltr'>inter</span> <span class='ocrx_word' id='word_1_105' title='bbox 596 2200 707 2276; x_wconf 87' lang='lat' dir='ltr'>bonos</span> <span class='ocrx_word' id='word_1_106' title='bbox 721 2205 757 2274; x_wconf 90' lang='lat'>&amp;</span> <span class='ocrx_word' id='word_1_107' title='bbox 778 2201 949 2302; x_wconf 86' lang='lat' dir='ltr'>improbos</span> <span class='ocrx_word' id='word_1_108' title='bbox 958 2189 975 2289; x_wconf 34' lang='lat'>,¹</span> <span class='ocrx_word' id='word_1_109' title='bbox 1004 2301 1009 2307; x_wconf 19' lang='lat'>²</span> <span class='ocrx_word' id='word_1_110' title='bbox 1033 2296 1042 2309; x_wconf 42' lang='lat'><strong>·</strong></span> 
     </span>
     <span class='ocr_line' id='line_1_17' title="bbox 73 2308 1017 2425; baseline 0.005 -33"><span class='ocrx_word' id='word_1_111' title='bbox 73 2322 235 2421; x_wconf 79' lang='lat' dir='ltr'>utiniqui,</span> <span class='ocrx_word' id='word_1_112' title='bbox 249 2308 438 2423; x_wconf 71' lang='lat' dir='ltr'>repudiati,</span> <span class='ocrx_word' id='word_1_113' title='bbox 455 2322 547 2395; x_wconf 87' lang='lat' dir='ltr'>illam</span> <span class='ocrx_word' id='word_1_114' title='bbox 558 2322 752 2424; x_wconf 85' lang='lat' dir='ltr'>delegerunt</span> <span class='ocrx_word' id='word_1_115' title='bbox 763 2332 797 2397; x_wconf 70' lang='grc' dir='ltr'>δι</span> <span class='ocrx_word' id='word_1_116' title='bbox 809 2325 844 2396; x_wconf 94' lang='lat' dir='ltr'>in</span> <span class='ocrx_word' id='word_1_117' title='bbox 855 2349 972 2425; x_wconf 84' lang='lat' dir='ltr'>geren·</span> <span class='ocrx_word' id='word_1_118' title='bbox 1012 2370 1017 2378; x_wconf 89' lang='lat'><em>-</em></span> 
     </span>
     <span class='ocr_line' id='line_1_18' title="bbox 73 2442 974 2546; baseline 0.008 -32"><span class='ocrx_word' id='word_1_119' title='bbox 73 2442 109 2514; x_wconf 71' lang='lat' dir='ltr'>dl</span> <span class='ocrx_word' id='word_1_120' title='bbox 118 2444 273 2544; x_wconf 75' lang='lat' dir='ltr'>republici</span> <span class='ocrx_word' id='word_1_121' title='bbox 283 2444 358 2516; x_wconf 91' lang='lat' dir='ltr'>sunt</span> <span class='ocrx_word' id='word_1_122' title='bbox 369 2442 469 2517; x_wconf 88' lang='lat' dir='ltr'>secuti</span> <span class='ocrx_word' id='word_1_123' title='bbox 480 2498 490 2527; x_wconf 85' lang='lat'>‚</span> <span class='ocrx_word' id='word_1_124' title='bbox 500 2472 571 2543; x_wconf 81' lang='lat' dir='ltr'>quae</span> <span class='ocrx_word' id='word_1_125' title='bbox 582 2472 642 2546; x_wconf 89' lang='lat' dir='ltr'>pro</span> <span class='ocrx_word' id='word_1_126' title='bbox 654 2445 713 2517; x_wconf 92' lang='lat' dir='ltr'>suo</span> <span class='ocrx_word' id='word_1_127' title='bbox 723 2471 890 2545; x_wconf 89' lang='lat' dir='ltr'>quemque</span> <span class='ocrx_word' id='word_1_128' title='bbox 904 2476 974 2521; x_wconf 90' lang='lat' dir='ltr'>me-</span> 
     </span>
     <span class='ocr_line' id='line_1_19' title="bbox 73 2564 974 2666; baseline 0.007 -32"><span class='ocrx_word' id='word_1_129' title='bbox 73 2564 128 2635; x_wconf 90' lang='lat' dir='ltr'>rito</span> <span class='ocrx_word' id='word_1_130' title='bbox 143 2574 375 2639; x_wconf 84' lang='lat' dir='ltr'>remunerat&amp;</span> <span class='ocrx_word' id='word_1_131' title='bbox 390 2566 495 2665; x_wconf 89' lang='lat' dir='ltr'>punit.</span> <span class='ocrx_word' id='word_1_132' title='bbox 515 2566 586 2638; x_wconf 90' lang='lat' dir='ltr'>Nec</span> <span class='ocrx_word' id='word_1_133' title='bbox 602 2591 720 2638; x_wconf 90' lang='lat' dir='ltr'>omnes</span> <span class='ocrx_word' id='word_1_134' title='bbox 730 2565 916 2666; x_wconf 70' lang='lat' dir='ltr'>promiscue</span> <span class='ocrx_word' id='word_1_135' title='bbox 930 2567 974 2640; x_wconf 84' lang='lat' dir='ltr'>ad</span> 
     </span>
     <span class='ocr_line' id='line_1_20' title="bbox 73 2664 973 2787; baseline 0.006 -30"><span class='ocrx_word' id='word_1_136' title='bbox 73 2686 268 2761; x_wconf 85' lang='lat' dir='ltr'>sortitionem</span> <span class='ocrx_word' id='word_1_137' title='bbox 282 2664 528 2787; x_wconf 78' lang='lat' dir='ltr'>magistratuum</span> <span class='ocrx_word' id='word_1_138' title='bbox 542 2664 701 2761; x_wconf 77' lang='lat' dir='ltr'>vociruni</span> <span class='ocrx_word' id='word_1_139' title='bbox 709 2739 720 2771; x_wconf 91' lang='lat'>,</span> <span class='ocrx_word' id='word_1_140' title='bbox 735 2685 792 2759; x_wconf 90' lang='lat' dir='ltr'>sed</span> <span class='ocrx_word' id='word_1_141' title='bbox 806 2687 973 2786; x_wconf 88' lang='lat' dir='ltr'>optimum</span> 
     </span>
     <span class='ocr_line' id='line_1_21' title="bbox 73 2788 972 2911; baseline -0.001 -29"><span class='ocrx_word' id='word_1_142' title='bbox 73 2836 248 2910; x_wconf 86' lang='lat' dir='ltr'>quemque,</span> <span class='ocrx_word' id='word_1_143' title='bbox 268 2809 449 2911; x_wconf 83' lang='lat' dir='ltr'>&amp;singulis</span> <span class='ocrx_word' id='word_1_144' title='bbox 464 2790 654 2882; x_wconf 88' lang='lat' dir='ltr'>muneribus</span> <span class='ocrx_word' id='word_1_145' title='bbox 670 2806 835 2881; x_wconf 86' lang='lat' dir='ltr'>obeundis</span> <span class='ocrx_word' id='word_1_146' title='bbox 848 2788 972 2909; x_wconf 81' lang='lat' dir='ltr'>aprilli·</span> 
     </span>
     <span class='ocr_line' id='line_1_22' title="bbox 71 2928 1014 3030; baseline -0.011 -27"><span class='ocrx_word' id='word_1_147' title='bbox 71 2958 175 3017; x_wconf 89' lang='lat' dir='ltr'>mum,</span> <span class='ocrx_word' id='word_1_148' title='bbox 194 2930 347 3003; x_wconf 84' lang='lat' dir='ltr'>adhibito</span> <span class='ocrx_word' id='word_1_149' title='bbox 364 2929 508 3029; x_wconf 88' lang='lat' dir='ltr'>judicio,</span> <span class='ocrx_word' id='word_1_150' title='bbox 526 2928 743 3030; x_wconf 78' lang='lat' dir='ltr'>praeurlerunt.</span> <span class='ocrx_word' id='word_1_151' title='bbox 763 2930 854 3002; x_wconf 84' lang='lat' dir='ltr'>Nam</span> <span class='ocrx_word' id='word_1_152' title='bbox 866 2938 901 3003; x_wconf 73' lang='grc' dir='ltr'>δι</span> <span class='ocrx_word' id='word_1_153' title='bbox 915 2955 973 3007; x_wconf 78' lang='lat' dir='ltr'>ce·</span> <span class='ocrx_word' id='word_1_154' title='bbox 1009 2989 1014 2993; x_wconf 85' lang='lat'>.</span> 
     </span>
     <span class='ocr_line' id='line_1_23' title="bbox 71 3031 971 3153; baseline 0.002 -29"><span class='ocrx_word' id='word_1_155' title='bbox 71 3076 147 3125; x_wconf 89' lang='lat' dir='ltr'>teros</span> <span class='ocrx_word' id='word_1_156' title='bbox 171 3031 249 3127; x_wconf 72' lang='lat' dir='ltr'>talei</span> <span class='ocrx_word' id='word_1_157' title='bbox 275 3053 346 3127; x_wconf 87' lang='lat' dir='ltr'>fore</span> <span class='ocrx_word' id='word_1_158' title='bbox 364 3051 538 3153; x_wconf 84' lang='lat' dir='ltr'>sperabant</span> <span class='ocrx_word' id='word_1_159' title='bbox 560 3052 672 3150; x_wconf 75' lang='lat' dir='ltr'>quales</span> <span class='ocrx_word' id='word_1_160' title='bbox 693 3050 804 3125; x_wconf 84' lang='lat' dir='ltr'>forent</span> <span class='ocrx_word' id='word_1_161' title='bbox 818 3053 850 3125; x_wconf 83' lang='lat' dir='ltr'>ii</span> <span class='ocrx_word' id='word_1_162' title='bbox 870 3076 971 3153; x_wconf 77' lang='lat' dir='ltr'>penes</span> 
     </span>
    </p>
   </div>
   <div class='ocr_carea' id='block_1_3' title="bbox 70 3236 265 3256">
    <p class='ocr_par' dir='ltr' id='par_1_3' title="bbox 70 3236 265 3256">
     <span class='ocr_line' id='line_1_24' title="bbox 70 3236 265 3256; baseline 0 -1"><span class='ocrx_word' id='word_1_163' title='bbox 70 3236 265 3256; x_wconf 61' lang='lat' dir='ltr'>hanun—-</span> 
     </span>
    </p>
   </div>
   <div class='ocr_carea' id='block_1_4' title="bbox 69 3362 970 3547">
    <p class='ocr_par' dir='ltr' id='par_1_4' title="bbox 69 3362 970 3547">
     <span class='ocr_line' id='line_1_25' title="bbox 69 3362 970 3445; baseline 0.001 -25"><span class='ocrx_word' id='word_1_164' title='bbox 69 3384 125 3422; x_wconf 80' lang='lat' dir='ltr'>nam</span> <span class='ocrx_word' id='word_1_165' title='bbox 140 3384 235 3425; x_wconf 86' lang='lat' dir='ltr'>orator</span> <span class='ocrx_word' id='word_1_166' title='bbox 248 3362 342 3425; x_wconf 79' lang='lat' dir='ltr'>tramit</span> <span class='ocrx_word' id='word_1_167' title='bbox 357 3364 471 3445; x_wconf 74' lang='lat' dir='ltr'>abrupte</span> <span class='ocrx_word' id='word_1_168' title='bbox 485 3365 520 3424; x_wconf 86' lang='lat' dir='ltr'>ab</span> <span class='ocrx_word' id='word_1_169' title='bbox 533 3365 734 3425; x_wconf 88' lang='lat' dir='ltr'>institutoribus</span> <span class='ocrx_word' id='word_1_170' title='bbox 751 3365 850 3426; x_wconf 85' lang='lat' dir='ltr'>veteris</span> <span class='ocrx_word' id='word_1_171' title='bbox 868 3363 970 3443; x_wconf 81' lang='lat' dir='ltr'>politiae</span> 
     </span>
     <span class='ocr_line' id='line_1_26' title="bbox 70 3458 735 3547; baseline 0.003 -28"><span class='ocrx_word' id='word_1_172' title='bbox 70 3462 97 3520; x_wconf 83' lang='lat' dir='ltr'>ad</span> <span class='ocrx_word' id='word_1_173' title='bbox 108 3461 194 3545; x_wconf 77' lang='lat' dir='ltr'>ipsum</span> <span class='ocrx_word' id='word_1_174' title='bbox 207 3464 338 3547; x_wconf 80' lang='lat' dir='ltr'>politiam</span> <span class='ocrx_word' id='word_1_175' title='bbox 351 3509 359 3537; x_wconf 91' lang='lat'>‚</span> <span class='ocrx_word' id='word_1_176' title='bbox 378 3470 406 3522; x_wconf 75' lang='grc' dir='ltr'>δι</span> <span class='ocrx_word' id='word_1_177' title='bbox 420 3458 513 3523; x_wconf 80' lang='lat' dir='ltr'>ruistis</span> <span class='ocrx_word' id='word_1_178' title='bbox 526 3460 561 3522; x_wconf 88' lang='lat' dir='ltr'>ad</span> <span class='ocrx_word' id='word_1_179' title='bbox 574 3464 638 3523; x_wconf 80' lang='lat' dir='ltr'>illos</span> <span class='ocrx_word' id='word_1_180' title='bbox 653 3461 735 3522; x_wconf 83' lang='lat' dir='ltr'>redit.</span> 
     </span>
    </p>
   </div>
   <div class='ocr_carea' id='block_1_5' title="bbox 67 3578 1041 3768">
    <p class='ocr_par' dir='ltr' id='par_1_5' title="bbox 67 3574 1041 3768">
     <span class='ocr_line' id='line_1_27' title="bbox 109 3578 1041 3695; baseline 0 -29"><span class='ocrx_word' id='word_1_181' title='bbox 109 3594 154 3684; x_wconf 90' lang='lat'>[1.</span> <span class='ocrx_word' id='word_1_182' title='bbox 180 3595 260 3685; x_wconf 67' lang='lat' dir='ltr'>zo]</span> <span class='ocrx_word' id='word_1_183' title='bbox 287 3578 372 3695; x_wconf 85' lang='lat' dir='ltr'>Vulg.</span> <span class='ocrx_word' id='word_1_184' title='bbox 391 3602 543 3685; x_wconf 68' lang='grc' dir='ltr'>βιλτίκς,</span> <span class='ocrx_word' id='word_1_185' title='bbox 568 3604 631 3667; x_wconf 82' lang='lat' dir='ltr'>dedi</span> <span class='ocrx_word' id='word_1_186' title='bbox 653 3600 799 3682; x_wconf 65' lang='grc' dir='ltr'>βελτίςυς</span> <span class='ocrx_word' id='word_1_187' title='bbox 822 3602 898 3686; x_wconf 85' lang='lat' dir='ltr'>quod</span> <span class='ocrx_word' id='word_1_188' title='bbox 922 3585 971 3666; x_wconf 73' lang='lat' dir='ltr'>dar</span> <span class='ocrx_word' id='word_1_189' title='bbox 1001 3590 1006 3597; x_wconf 46' lang='grc'>’</span> <span class='ocrx_word' id='word_1_190' title='bbox 1036 3596 1041 3607; x_wconf 70' lang='grc'><strong>’</strong></span> 
     </span>
     <span class='ocr_line' id='line_1_28' title="bbox 67 3706 606 3768; baseline 0.009 -6"><span class='ocrx_word' id='word_1_191' title='bbox 67 3706 278 3768; x_wconf 73' lang='lat' dir='ltr'>ttinmcod.&#39;K.</span> <span class='ocrx_word' id='word_1_192' title='bbox 304 3760 308 3766; x_wconf 92' lang='lat'><strong><em>.</em></strong></span> <span class='ocrx_word' id='word_1_193' title='bbox 341 3738 345 3745; x_wconf 91' lang='lat'>·</span> <span class='ocrx_word' id='word_1_194' title='bbox 447 3734 452 3741; x_wconf 82' lang='lat'><em>·</em></span> <span class='ocrx_word' id='word_1_195' title='bbox 604 3732 606 3737; x_wconf 95' lang='lat'>·</span> 
     </span>
    </p>
   </div>
   <div class='ocr_carea' id='block_1_6' title="bbox 0 0 1380 4742">
    <p class='ocr_par' dir='ltr' id='par_1_6' title="bbox 0 0 1380 4742">
     <span class='ocr_line' id='line_1_29' title="bbox 0 0 1380 4742; baseline 0 5"><span class='ocrx_word' id='word_1_196' title='bbox 0 0 1380 4742; x_wconf 95' lang='lat' dir='ltr'> </span> 
     </span>
    </p>
   </div>
  </div>
 </body>
</html>
