2750 4742
297 335 829 418 PANATHENAICUS.
955 349 1020 434 553

94 477 308 557 tomittirnus.
337 485 427 558 Nam
451 509 577 558 eorum.
590 483 649 582 qui
672 489 708 556 &
723 483 775 558 ab
798 480 1031 556 initio-tantas*

115 603 302 678 acerbitates
316 607 451 706 perpelli
466 606 564 690 sunt,
586 613 621 681 δι
637 605 680 678 ad
695 603 825 703 quasvis
841 602 1024 677 occaliones

102 747 248 821 *operam
259 725 305 799 iti
314 729 478 800 strenuam
487 749 630 810 navant,
644 725 781 825 Ephoris
792 726 886 809 licet,
899 722 1025 798 indicte
1064 771 1068 778 -

115 841 227 928 causi,
246 869 297 917 tot
314 846 464 920 occidere
478 868 561 944 quot
573 843 707 918 libitum
721 844 767 917 eis
785 843 893 918 fuerit.
909 846 1025 937 Quam
1068 885 1072 890 ·

113 963 341 1041 crudelitatem
359 968 446 1068 apud
464 991 589 1040 ceteros
602 968 733 1040 Graecos
750 964 841 1038 nefas
861 969 906 1038 est
923 964 976 1039 vel
987 965 1024 1040 in

111 1086 460 1186 perditiffimosservos
473 1110 631 1162 exercere.

84 1267 88 1272 .
126 1203 127 1208 ¹
162 1207 218 1282 De
229 1211 463 1312 Spartanorum
473 1234 582 1282 autem
597 1209 717 1284 saevitil
731 1211 767 1282 in
780 1210 866 1284 cives
879 1210 970 1294 suos,
986 1218 1022 1284 &
1053 1289 1058 1294 ,

112 1329 254 1426 peccaris
272 1332 308 1402 in
322 1358 378 1404 eos
391 1332 553 1418 admillis,
574 1331 652 1405 ideb
674 1333 820 1433 pluribus
839 1331 971 1406 dillerui
988 1354 1025 1405 ut

110 1448 351 1552 interrogarem
365 1480 421 1526 eos
433 1454 491 1553 qui
502 1453 617 1526 omnia
628 1453 670 1526 ab
680 1454 744 1526 illis
757 1456 844 1555 gesta
859 1453 1024 1553 probant,

112 1594 198 1642 num
211 1570 312 1645 etiam
321 1571 389 1645 haec
403 1572 558 1659 laudent,
574 1583 610 1648 &
619 1575 727 1675 praelia
738 1602 813 1647 cum
823 1574 953 1676 populis
965 1572 1025 1645 fibi

113 1691 261 1790 cognatis
278 1691 471 1779 commissa,
495 1693 644 1795 praeclara
657 1717 839 1766 autument.
861 1691 1026 1791 Equidem

114 1838 236 1918 magna
255 1811 312 1885 illa
330 1813 479 1886 existimo
496 1813 590 1888 fuiffe
611 1826 648 1889 δε
665 1815 841 1899 terribilia,
863 1815 1024 1912 vistisque

66 1995 68 2000 .
113 1929 263 2031 ingentia
273 1932 616 2046 mala,&vi8roribus
630 1937 857 2011 emolumenta
866 1933 1023 2036 plurima,

114 2051 291 2152 peperille‚
310 2079 533 2155 propterque
552 2056 601 2129 illi
613 2056 700 2130 bella
715 2058 871 2158 perpetuo
881 2076 1022 2156 gerunt5

113 2171 172 2246 sed
192 2177 299 2274 ireque
313 2175 447 2262 sancia,
467 2203 576 2276 neque
595 2178 761 2265 honesta,‘
775 2203 884 2278 neque
905 2176 1024 2250 decora

112 2293 154 2366 iis
169 2295 227 2394 qui
239 2296 394 2370 virtutem
414 2297 506 2371 illam
519 2298 578 2371 srbi
593 2299 789 2384 vindicant,
807 2324 876 2370 non
894 2323 966 2396 quae
985 2323 1026 2368 ex

114 2417 237 2492 artibus
253 2428 289 2493 &
301 2421 414 2493 multis
430 2421 525 2494 rebus
538 2421 608 2494 aliis
621 2420 749 2506 existit,
770 2444 804 2493 at
823 2446 936 2495 veram
953 2419 1025 2492 vir-

115 2561 221 2612 tutem
243 2564 314 2638 quae
337 2541 415 2613 viris
432 2539 530 2614 bonis
550 2541 747 2614 &honestis
765 2567 841 2613 cum
854 2541 1025 2640 pietate&

113 2717 235 2802 ideoque
248 2719 383 2781 indicium
401 2719 481 2803 posui
497 2723 602 2782 lacunae
619 2722 767 2804 longioris.
787 2717 978 2780 Consulantur
991 2739 1026 2780 ea

115 2843 177 2904 quae
191 2819 226 2879 ad
241 2818 323 2896 hujus
338 2819 490 2880 voluminis
506 2820 610 2880 calcem
626 2819 661 2878 de
674 2816 731 2879 hle
740 2815 838 2878 laconi
850 2813 970 2878 differui.

145 2932 150 2938 ’
165 2899 219 2994 [ll
231 2903 286 2997 9.]
309 2907 511 2986 θἰκεῖοτκΊος,
525 2913 790 3000 interpretatus-sum
801 2915 876 2997 quali
886 2915 1024 3002 legeretur

115 3008 281 3096 ripat'rriloc,
295 3013 341 3074 sed
351 3013 458 3078 servavi
469 3006 648 3088 alneio'ltilot,
660 3015 737 3098 quod
747 3014 818 3074 mibi
828 3013 938 3074 videtur
946 3014 1024 3094 opti-

115 3116 164 3182 me
181 3113 259 3196 jungi
272 3134 336 3174 cum
351 3117 383 3174 iis
395 3135 455 3195 quae
466 3112 574 3174 desunt.
644 3121 647 3125 '
839 3111 845 3116 ’

140 3195 181 3287 0[
194 3212 214 3270 l.
237 3231 248 3268 1
261 3194 312 3289 3.]
331 3215 401 3271 Non
417 3210 489 3272 clare
500 3213 589 3293 liquet
598 3207 634 3270 ad
646 3207 723 3289 quod
734 3207 868 3269 referatur
879 3193 1022 3274 robatur,

116 3329 172 3392 ego
183 3307 358 3368 referendum
368 3310 486 3370 arbitror
498 3311 533 3370 ad
545 3305 729 3370 Mellenenses
742 3317 769 3368 δε
782 3309 902 3390 Argivos
915 3309 1023 3378 ,Lace-

117 3405 322 3468 daemoniorum
333 3427 468 3492 cognatos
478 3449 487 3478 ,
501 3429 564 3470 cum
575 3407 673 3487 quibus
684 3406 725 3465 illi
735 3403 842 3486 semper
850 3403 924 3463 bella
934 3398 1024 3484 gelse-

116 3525 192 3565 runt.
223 3502 356 3566 Ceterrim
383 3505 530 3565 difficultas
551 3503 684 3589 jungendi
708 3523 791 3562 votes
816 3489 975 3586 olteip'lrtlot
994 3509 1024 3562 dc

117 3593 216 3671 τέτκς
231 3615 295 3663 cum
313 3607 345 3662 iis
358 3603 616 3683 qwantetedmt,
636 3599 741 3660 indicat
754 3596 818 3673 hic,
829 3593 867 3656 ¹ut
878 3601 936 3675 jam
947 3596 1023 3670 dixi,
1063 3635 1067 3648 ·

118 3699 388 3792 defiderari-aliqua,
401 3701 615 3784 quibusarnotis
628 3696 721 3762 sensus
731 3695 950 3778 interrumpitur.
