2750 4742
282 371 839 453 ARCHIDAMUS.
973 405 1019 479 fl

1 521 199 612 Quae
196 545 309 620 quum
323 521 369 593 ita
355 520 470 606 sunt,
489 520 571 594 fieri
574 548 644 596 non
659 528 765 624 potest
778 525 861 626 quin
877 548 927 600 tet
940 526 1018 602 feli-

1 651 2 656 ’
94 641 171 715 cius
185 669 341 743 agamus,
356 643 458 743 quam
470 643 496 716 it
486 643 627 743 quibus
636 670 791 722 neutrum
803 647 924 722 horum
935 675 1018 724 cutae

98 760 177 836 fitit.

287 929 291 938 ·
408 894 557 962 Secunda
575 891 713 982 objedio.

115 1075 120 1082 .
151 1007 202 1078 At
213 1005 352 1107 quidam
365 1007 401 1082 in
414 1007 540 1082 bellum
552 1009 776 1094 invehuntur,
794 1017 928 1110 ejusque
943 1037 1018 1111 pet·

98 1126 220 1208 fidiam
233 1127 401 1216 accusant,
420 1127 619 1230 argumentis
631 1129 845 1202 utentescum
857 1129 929 1204 aliis
940 1157 1019 1231 pet-

99 1247 239 1333 multis,
254 1247 327 1322 tdm
339 1248 379 1322 iis
393 1248 466 1349 ipfis
484 1277 554 1348 quae
569 1248 666 1322 nobis
681 1249 869 1322 acciderunt
884 1303 895 1334 ,
916 1251 1017 1352 seque

101 1363 260 1442 dictitant
279 1369 392 1442 mitari
410 1395 612 1470 quemquam
631 1368 695 1442 effe
712 1370 771 1468 qui
787 1370 835 1444 tei
847 1371 914 1444 tdtn
927 1371 1018 1448 saevae

98 1518 138 1565 ac
153 1491 332 1565 temerariae
343 1489 447 1564 fidem
463 1491 652 1564 habendam
667 1489 806 1597 censeat.

472 1614 653 1712 Responsio.

39 1811 44 1818 ,
150 1736 226 1834 Ego
239 1736 317 1806 verb
338 1733 419 1807 novi
441 1731 565 1804 multos
580 1733 637 1831 qui
653 1739 810 1834 magnam
822 1733 1015 1811 felicitatem

100 1854 163 1928 fibi
182 1854 272 1928 bello
289 1877 512 1956 pepererunt,
534 1853 656 1928 multos
673 1855 754 1928 item
769 1855 827 1955 qui
842 1883 921 1956 pace
939 1885 1015 1931 eam

100 1975 283 2048 amiserunt
294 2003 395 2074 quam
407 1973 582 2049 habebant.
607 1975 702 2048 Nihil
714 1976 806 2047 enim
817 2003 926 2050 retum
935 2006 1014 2052 otn-

101 2096 199 2167 nium
217 2122 273 2198 pet
290 2094 323 2169 se
340 2095 481 2169 omninb
502 2095 555 2169 vel
576 2095 703 2168 malum
722 2098 767 2169 est
787 2097 840 2170 vel
862 2096 1013 2194 bonum;

1 2279 2 2286 ,
105 2215 170 2290 sed
181 2241 216 2289 ut
227 2217 362 2318 quisque
377 2219 470 2292 rebus
484 2243 582 2318 atque
596 2217 819 2292 occastonibus
835 2222 956 2307 utitur,
971 2221 1017 2295 iti

1 2353 2 2390 ³
103 2335 232 2410 neceffe
254 2341 299 2411 est
320 2364 477 2412 eventum
499 2338 578 2438 inde
599 2337 803 2412 confimilem
828 2339 929 2440 sequi.
963 2341 1017 2416 Est

103 2483 217 2532 autem
235 2459 274 2530 iis
294 2459 352 2558 qui
364 2456 475 2530 felices
495 2457 571 2530 suut
588 2461 771 2559 expetenda
789 2486 851 2561 pax
864 2489 876 2557 3
891 2485 959 2560 quo
980 2463 1016 2534 in

103 2583 185 2654 statu
200 2605 292 2680 parta
312 2575 401 2652 bona
423 2579 544 2653 diutists
563 2579 815 2654 conservantur:
833 2591 869 2656 &
884 2581 1018 2655 calami·

105 2700 180 2774 tofis
193 2701 237 2774 ad
248 2701 375 2775 bellum
387 2700 570 2802 gerendum
582 2699 801 2775 advertendus
811 2703 858 2774 est
866 2703 1015 2800 animus3

104 2821 264 2922 stquidem
276 2821 395 2894 bellico
408 2820 550 2894 tumultu
560 2821 763 2896 &conando
774 2822 909 2908 omnia,
920 2821 1016 2895 citidt

107 2941 1017 3043 afflidtaetesmutantutinmelius.Quotumegoveteot

1 3131 2 3136 ,
107 3091 150 3137 ne
160 3065 323 3137 contraria
335 3061 440 3136 facete
449 3061 631 3137 videamur.
647 3063 868 3156 Quumenim
877 3062 1017 3137 delicate

107 3187 202 3258 nobis
227 3187 340 3259 vivete
359 3185 492 3270 liceret,
510 3185 603 3286 plura
619 3186 721 3286 qudm
736 3185 912 3286 oportebat
928 3184 1016 3260 bella
1046 3215 1050 3222 ·

104 3304 1016 3409 gerebamus:nuncvetu‘neceffitatepericutisubeundi
1049 3358 1055 3364 ·

112 3599 115 3604 ’
149 3591 165 3683 [
177 3606 199 3666 l.
222 3588 299 3684 20.]
322 3608 439 3670 Cottexi
452 3603 586 3666 mendum
602 3605 721 3687 vulgatae
738 3621 800 3682 quae
815 3599 900 3662 habet
917 3589 1012 3666 Μὶὶ.

1 3700 2 3760 3
105 3725 217 3786 ιαμιν.
239 3773 241 3778 ,
