2750 4742
256 353 799 450 rnnnrnrlrmcus.
912 399 983 472 ιιι

77 519 116 592 de
132 517 165 590 se
185 517 393 618 cogitarent:
421 545 460 593 er
482 521 522 594 iis
544 521 622 594 verb
640 549 713 621 quae
727 519 876 622 Spartani
891 519 983 594 fece-

77 666 159 726 runt,
170 644 285 714 evenit
293 668 329 714 ur
338 641 483 743 ipsorum
495 645 731 721 tantummodo
741 627 982 742 civitasmagm

77 763 185 848 fieret,
203 772 240 836 δι
259 764 348 864 apud
362 765 439 844 elias
458 764 698 866 conspiceretur
714 765 869 840 omnibus
883 764 983 836 Pelo-

77 882 207 983 ponnefi
230 884 417 980 civitatibus
439 887 623 987 imperare,
644 897 681 961 δι
705 888 825 987 magni
845 886 888 959 ab
908 883 982 985 ipsis

78 1005 281 1080 observantirl
293 1005 368 1080 coli.
383 1009 497 1107 Itaque
511 1008 676 1082 laudanda
687 1010 733 1082 est
746 1035 786 1082 ea
796 1035 868 1107 quae
878 1007 983 1080 multa

77 1127 109 1198 in
128 1126 208 1200 alios
231 1127 393 1202 beneficia
413 1130 576 1230 contulit,
598 1157 670 1229 quae
693 1152 804 1202 tutem
820 1155 857 1202 ea
873 1127 984 1202 solum

78 1250 243 1346 exequitur
260 1277 332 1348 quae
348 1249 516 1352 fibiutilia
528 1251 624 1337 -sunr,
640 1249 861 1324 formidabilis
872 1248 982 1324 existi-

78 1369 195 1442 manda
209 1399 219 1467 3
236 1397 421 1470 eorumque
438 1372 617 1450 amicitiam
633 1397 784 1476 expetere
796 1399 856 1473 par
867 1360 911 1444 ell
924 1371 982 1470 qui

77 1489 118 1561 ire
138 1518 214 1563 curn
238 1491 310 1563 aliis
333 1516 488 1591 aguntur
512 1521 586 1568 cum
610 1493 801 1596 semetpsis,
827 1519 884 1566 eos
902 1492 981 1565 vero

77 1623 270 1706 metuere&
282 1613 511 1716 pertimescere
527 1617 606 1716 qui,
624 1645 729 1717 quum
742 1617 777 1699 in
791 1611 983 1715 semetipsos

79 1733 267 1815 amiciffimo
283 1734 344 1808 sint
357 1735 491 1821 animo,
505 1736 550 1810 iti
562 1736 595 1810 se
605 1760 724 1838 gerunt
737 1735 885 1836 publice,
898 1758 935 1806 ut
945 1735 982 1805 in
1009 1737 1013 1742 ’

32 1871 35 1880 ’
79 1853 153 1926 alios
175 1855 294 1929 alienis
319 1865 355 1930 δι
377 1856 548 1930 hostilibus
570 1859 688 1931 animis
713 1855 777 1930 effe
800 1855 984 1929 videantur.

80 1974 151 2046 Haec
166 1975 269 2076 igirut
281 1975 499 2050 fundamenta
509 1985 656 2074 jecerunt
670 2001 806 2075 utraque
821 1976 944 2048 civitas.

122 2095 162 2166 ll.
188 2095 307 2168 Multo
328 2099 424 2196 poll,
448 2121 563 2169 exorto
588 2096 679 2169 bello
703 2094 852 2180 Perfice,
877 2123 982 2194 quum

80 2211 217 2300 Xerxes,
239 2217 299 2314 qui
316 2215 387 2289 rlrrn
403 2216 579 2318 regnabat,
595 2216 742 2289 triremes
756 2212 848 2291 mille
863 2225 898 2290 δε
917 2216 982 2289 du-

81 2359 198 2422 centas,
218 2336 375 2438 pedestris
389 2337 546 2411 exercitius
560 2338 735 2437 quinquies
746 2338 865 2411 millies
879 2337 984 2413 millia

25 2479 28 2490 ’
79 2455 324 2543 universorum,
340 2457 457 2559 septies
479 2482 617 2530 centena
631 2457 736 2530 millia
751 2458 984 2531 bellicosorum
1028 2539 1053 2565 .,

82 2579 249 2679 coegiffet,
270 2579 434 2678 tantisque
456 2580 579 2652 viribus
603 2579 729 2652 bellum
748 2571 869 2652 Graecis
892 2582 983 2654 inru-

82 2697 179 2797 liliet3
196 2702 362 2802 Spartiarae
374 2701 512 2799 quidem
524 2703 582 2800 qui
597 2701 898 2802 Peloponnenlibus
915 2702 983 2776 im&

82 2821 257 2917 petebant,
283 2823 326 2896 ad
350 2821 467 2896 navale
489 2822 661 2924 prelium,
687 2851 756 2922 quo
779 2822 859 2896 belli
883 2823 983 2897 totius

81 2937 245 3016 inclinatio
260 2942 369 3016 secuta
382 2946 446 3028 est,
464 2943 579 3017 decem
597 2943 726 3016 tanturn
739 2944 888 3017 triremes
900 2971 984 3019 con·
1046 3007 1051 3016 .

83 3060 240 3136 tulerunt:
260 3088 368 3165 patres
387 3068 470 3139 'veto
496 3066 625 3150 nostri,
654 3090 796 3141 extorres
822 3064 925 3150 facti,
946 3073 984 3140 &

83 3181 157 3258 urbe
179 3185 332 3272 deserte,
358 3187 450 3286 quod
475 3211 553 3260 tunc
575 3188 734 3287 temporis
760 3188 889 3260 munita
912 3214 983 3259 non

82 3302 175 3392 effer,
193 3308 347 3382 meliores
370 3333 469 3382 naves
491 3309 720 3409 prebuerunt,
745 3317 781 3380 &
803 3305 983 3407 majoribus

130 3597 171 3690 [l.
192 3605 243 3697 1.]
266 3605 310 3700 ἒξ
322 3607 358 3679 ὧν
373 3600 393 3702 ὃ
407 3605 621 3700 Σιωαρὲτιιίται,
640 3613 755 3675 subaudi
766 3606 922 3699 impertiet.

80 3700 83 3749 i
130 3699 175 3790 [1.
197 3706 277 3797 26.]
300 3705 493 3800 Prorrptlrler
505 3716 602 3776 malim
618 3707 734 3784 nntius.
764 3767 768 3774 .
