2750 4742
206 410 209 415 ’
249 422 515 501 nusrurors
549 386 851 499 nrunrrro.
935 450 999 521 391

106 594 168 645 tum
178 574 338 645 contraria
350 574 465 647 omnia
473 570 640 675 perfeciffe
650 576 785 646 constat.
798 571 885 645 Illud
893 596 1005 647 autern

103 693 247 765 omnium
263 698 308 768 est
321 695 610 783 absurdiffimum‚
630 695 742 795 quod,
756 694 792 767 in
806 701 1006 795 genealogia-

102 841 167 888 rum
186 816 292 889 studio
313 816 483 904 versatus,
510 818 618 893 dicere
640 844 711 889 non
734 817 887 891 dubitasti
915 816 1004 889 hunc

99 934 171 1007 illos
183 938 371 1011 aemulatum
382 940 445 1013 effe
455 968 597 1040 quorum
610 962 716 1041 patres
726 938 790 1011 illis
801 936 1004 1038 temporibus

100 1056 166 1127 nati
178 1058 333 1131 nondirm
348 1086 450 1135 etant.
860 1059 864 1064 ⁴

141 1179 192 1253 Ne
212 1185 292 1255 verb
313 1183 349 1256 id
363 1183 456 1283 quod
471 1184 573 1257 cuivis
591 1183 627 1255 in
654 1206 812 1284 promptu
833 1183 879 1255 est
897 1179 1005 1254 facere

98 1298 232 1387 videar,
251 1328 286 1376 ut
307 1305 326 1379 d
346 1328 378 1379 te
397 1305 486 1379 diua
504 1304 765 1407 reprehendam,
787 1327 1006 1400 meorumque

98 1420 262 1521 proferam
274 1425 383 1521 nihil,
403 1426 549 1499 conabor
567 1426 628 1499 tibi
647 1425 757 1527 paucis
777 1423 948 1497 ostendere
969 1423 1006 1493 in

97 1542 160 1613 hoc
177 1544 250 1643 ipso
267 1571 463 1647 argumento
484 1552 696 1647 (quanquam
712 1545 749 1617 id
766 1544 905 1618 minime
923 1570 1005 1643 pto·

97 1664 175 1737 bum
188 1669 256 1751 est,
275 1694 384 1767 neque
396 1668 581 1769 praeclaram
594 1668 783 1741 orationem
795 1665 1005 1768 suppeditat)

97 1814 166 1886 quae
176 1787 213 1861 fit
225 1788 297 1862 tirrn
305 1790 845 1865 laudanditdmdefendendiratio
853 1788 1009 1863 ineundo„

292 1960 813 2035 Com-rutrum.

143 2116 170 2187 1.
194 2114 251 2186 De
265 2114 438 2187 nobilitate
453 2114 553 2215 igitur
567 2112 721 2186 Busiridis
738 2113 811 2211 quis
826 2137 897 2183 non
911 2108 1008 2183 facile

97 2236 244 2310 dixerit?
272 2237 326 2310 cui
346 2262 437 2337 patet
453 2238 651 2338 Neptunus,
670 2260 776 2310 mutet
797 2236 903 2333 Libye
920 2234 1006 2321 fuit,

96 2360 192 2437 Jovis
209 2386 249 2431 ex
263 2358 399 2459 Epapho
413 2360 529 2460 neptis.
551 2362 664 2453 Quam
679 2357 853 2433 mulierem
865 2357 1009 2460 primurn

97 2480 210 2555 ferunt
226 2494 329 2582 regno
349 2480 510 2581 potitam,
526 2482 655 2582 regioni
670 2482 766 2554 suum
777 2508 903 2555 nomen
917 2479 1010 2552 indi-

96 2604 189 2677 diffe.
212 2602 311 2676 Tales
324 2626 435 2675 autem
446 2622 596 2703 patentes
609 2609 742 2696 nactus,
755 2631 825 2675 non
834 2602 1011 2703 splendore

97 2712 261 2797 natalium
287 2722 467 2823 superbiit3
493 2722 551 2795 sed
577 2723 639 2797 suae
661 2725 793 2799 'virtutis
816 2748 1013 2824 perpetuum

98 2868 361 2921 monumentum
376 2843 503 2944 putavit
519 2842 583 2918 effe
598 2844 865 2944 relinquendum.
1019 2851 1021 2855 ’

110 3040 112 3043 .
146 2969 192 3041 11.
213 2968 541 3059 Quare,muternum
552 2964 740 3067 aspernatus
751 2965 1013 3065 imperium,id-

98 3116 164 3187 que
180 3088 241 3161 suo
255 3064 394 3187 ingenio
415 3086 525 3161 minui
542 3086 606 3161 effe
617 3089 830 3173 existimans,
848 3088 959 3161 multis
980 3088 1015 3165 vi

98 3236 270 3285 armorum
283 3207 445 3292 subadiS,
466 3208 675 3308 maximique
687 3204 836 3309 potentid
848 3208 959 3309 parti,
977 3209 1014 3280 in
1054 3200 1058 3208 ¹

97 3334 244 3433 AEgypto
261 3354 401 3433 regnum
416 3332 601 3418 constituit,
616 3356 703 3405 ratus
716 3330 828 3405 sedern
842 3331 934 3407 illam
944 3356 1015 3402 non

99 3456 139 3528 iis
158 3455 292 3529 tannim
305 3481 385 3554 quas
397 3454 585 3540 obtineret,
602 3452 659 3527 sed
680 3464 717 3528 δε
731 3453 887 3528 universis
904 3453 1016 3553 regio-
1085 3542 1090 3546 ⁵

155 3750 207 3845 [l.
229 3748 281 3841 9.]
305 3762 349 3825 Ad
364 3749 407 3825 rei
420 3760 479 3825 sub.
494 3747 578 3825 curti
591 3761 634 3825 vel
649 3750 715 3824 ud.
787 3715 789 3718 Ι
1000 3801 1002 3806 .

754 3859 815 3934 Bb
837 3860 873 3937 iv
937 3967 940 3975 Ι
