2750 4742
210 311 789 402 -rnunrnruarout
836 294 839 298 ’
887 321 976 423 ,2‘7
1034 285 1038 292 ’

77 491 131 541 eos
147 467 354 544 mediocriter
367 471 537 556 laudatos,
551 472 651 544 talem
663 472 762 545 aliam
774 472 984 546 curationem-

79 589 230 690 ¹suscipere
244 594 435 693 oportebat:
456 595 606 693 quivero
621 594 791 694 paululirm
803 594 845 667 de
857 594 910 668 viai
921 594 977 668 de·

82 709 260 797 clinaffent,
283 713 417 788 summis
438 715 564 816 probris
587 723 621 788 &
642 715 792 788 maximis
813 715 977 814 suppliciis

82 829 174 914 affici„
193 835 402 936 Quapropter
416 863 517 908 nemo
533 835 675 920 civium,
692 860 728 909 ut
739 863 827 908 nunc
840 836 893 920 fit,
908 865 979 909 ma-

81 951 216 1050 gistratus
233 955 421 1054 appetebat,
434 954 490 1028 sed
502 983 558 1028 eos
570 955 713 1056 effugere
724 955 797 1056 ipsts
806 956 978 1053 jucundius
998 989 1008 1012 ··

80 1072 244 1178 ¹videbatur
271 1077 370 1174 quim
394 1077 574 1177 persequi,
607 1076 831 1178 parabantque
861 1103 978 1148 omnes

81 1215 242 1290 nunquam
265 1197 395 1269 existere
421 1195 509 1297 polle
528 1198 693 1272 veriorem
717 1197 977 1294 democratiam,

81 1337 129 1382 aut
139 1313 341 1416 multitudini
355 1317 519 1390 utiliorem
527 1317 589 1402 ,ed
598 1345 668 1416 quae
680 1316 794 1388 talium
803 1343 979 1388 munerum

79 1433 195 1530 populo
211 1437 454 1534 immunitatem
469 1437 582 1523 daret,
602 1435 824 1534 eumdemque
842 1445 877 1508 &
891 1435 978 1508 deli-

80 1551 173 1648 gendi
186 1557 385 1656 magistratus
402 1557 678 1656 &delinquentes
695 1555 873 1657 puniendi,
890 1555 978 1627 arbi·
1027 1615 1035 1626 .

82 1693 159 1744 trum
171 1673 309 1750 faceret:
328 1673 398 1777 qua
411 1683 549 1778 potestas
562 1679 663 1752 etiam
675 1678 838 1780 contingit
849 1677 979 1777 regibus

80 1786 272 1871 seliciffimis.

125 2123 164 2194 Et
186 2121 253 2196 haec
274 2150 344 2222 quac
366 2122 470 2195 modo
494 2122 561 2195 dixi
576 2121 676 2223 pluris
697 2122 770 2194 illos
789 2121 918 2206 fecisse,
943 2122 978 2194 id

27 2335 28 2338 Ἴ
82 2241 219 2315 maximo
239 2269 433 2344 argumento
454 2247 498 2318 est
513 2243 603 2343 quod
619 2243 759 2344 populus
777 2244 853 2316 alias
869 2244 979 2343 reipu-
1010 2264 1013 2268 ·
1036 2249 1041 2256 ’

82 2361 164 2457 ὸίἰεςε
182 2363 306 2438 formas
327 2394 397 2464 quae
418 2367 476 2466 ipst
501 2366 715 2466 displicebant
735 2395 805 2439 non
822 2368 980 2439 destiterit

80 2479 283 2585 oppugnare,
299 2497 333 2560 δι
347 2489 527 2572 destruere,
543 2495 578 2559 &
591 2512 704 2559 earum
714 2485 882 2586 ptaefestos
895 2487 980 2558 inte-

81 2605 213 2704 ,rimere3
234 2607 294 2680 hic
313 2613 391 2683 vero
413 2609 485 2682 usus
509 2607 546 2681 stt
568 2635 637 2680 non
658 2609 863 2712 paucioribus
878 2610 979 2708 quim

80 2727 165 2802 mille
185 2731 301 2816 annis,
320 2733 355 2803 in
372 2731 473 2830 elque
493 2732 664 2832 perstiterit
689 2732 730 2804 ab
753 2732 811 2804 illo
831 2757 979 2832 tempore

81 2874 142 2946 quo
157 2852 299 2951 accepit,
313 2851 413 2950 usque
427 2852 469 2924 ad
482 2852 611 2926 Solonis
628 2877 755 2928 aetatem
770 2852 981 2951 Pisistratique

80 2970 303 3072 principatum.
317 2973 399 3065 Qui,
411 2972 525 3073 populi
534 2973 732 3074 gubernator
742 2973 865 3058 saslus,
878 2968 982 3072 quum

80 3089 258 3191 reipublicae
284 3094 426 3167 multum
452 3094 636 3178 nocuisset,
663 3095 872 3193 optimosque
897 3095 982 3165 cives

82 3211 215 3308 ejecisset
239 3238 396 3314 tanquam
417 3214 657 3315 oligarchicoS,
681 3215 816 3288 tandem
835 3214 984 3316 populari

80 3334 156 3406 statu
172 3336 354 3435 abrogato,
379 3337 587 3431 tyrannidem
608 3337 789 3438 occupavit.

128 3625 172 3717 [l.
193 3629 248 3721 7.‘]
269 3641 311 3712 Ad
326 3637 380 3708 alu>
396 3621 582 3719 subaudi‘ii),
600 3640 644 3702 vel
658 3631 762 3702 dontin-
