2750 4742
19 409 20 418 κ
160 385 163 391 ·
242 359 800 452 nncnrunnun
931 407 974 476 μ

115 523 233 622 Neque
247 525 326 612 uero
347 521 506 614 debemus
521 521 557 597 in
573 521 658 627 hanc
669 523 762 597 diem
777 525 896 600 animis
912 527 981 602 im-

79 647 187 718 morari
208 646 274 746 qul
290 644 442 728 cariffimi
458 643 582 746 quique
599 643 708 720 statim
726 646 745 719 l
763 647 861 722 nobis
873 647 982 750 segre-

80 767 167 866 gandi
175 769 291 865 erunt3
301 767 407 841 sed'in
417 765 474 839 illa
487 767 980 869 temporaprospicetequum,

78 887 210 965 hostibus
224 888 383 975 devietis,
401 887 564 964 urbemin
579 889 747 994 integrum
757 884 980 975 restituemus,

80 1009 187 1086 liberos
200 1012 898 1114 recipiemus&cognatos„&ostendemus
909 1012 983 1088 uni·
1007 1072 1011 1080 .

79 1129 160 1204 verlis
178 1157 240 1204 nos
255 1117 393 1208 &nunc
411 1129 503 1222 nullo
522 1123 633 1207 nostro
646 1135 768 1210 metito
787 1132 882 1207 firiffe
899 1134 984 1208 cala·

80 1234 227 1338 mitosos,
243 1262 280 1326 &
294 1251 453 1353 superiori
466 1257 617 1353 ternpore
631 1281 702 1326 non
713 1254 883 1328 immerito
895 1255 985 1357 ptin-

79 1373 210 1473 cipatum
224 1374 325 1449 nobis
339 1374 541 1451 vendicalle..
555 1375 736 1448 Sioautem
754 1375 788 1448 se
801 1401 852 1449 tes
865 1375 982 1449 habete

79 1493 135 1567 hac
149 1523 220 1594 quae
234 1495 306 1570 dixi
321 1524 391 1569 non
404 1496 446 1569 lic
459 1489 736 1596 ‘accipienda‘sunt
750 1493 840 1595 quast
854 1522 893 1570 ea
904 1523 984 1572 mox

78 1615 141 1687 fieri
155 1616 255 1690 velim
273 1669 284 1703 ‚
305 1635 361 1690 a'ut
377 1616 468 1690 nulla
484 1615 547 1690 alia
563 1615 602 1689 fit
616 1613 727 1692 salutis
745 1617 852 1712 rati03
872 1615 932 1690 sed
947 1641 985 1691 ut

79 1736 195 1810 animos
214 1717 338 1811 vestto's
358 1717 447 1843 quafi
466 1737 702 1848 praepararem,
723 1734 933 1846 utsentitetis
945 1746 984 1816 &

81 1857 128 1930 has
150 1869 185 1932 &
210 1859 313 1963 longe
338 1859 520 1934 acerbiores
542 1859 742 1935 calamitates
762 1857 858 1931 vobis
871 1858 982 1959 potitis

81 1971 269 2055 sustinendas
281 1981 363 2068 elle,
373 1981 475 2080 quim
486 1981 529 2054 ad
539 1979 638 2053 talem
650 1969 855 2053 de'Mellenl
865 1979 983 2052 condi-

81 2099 211 2190 tionem,
227 2102 363 2202 qualem
376 2103 427 2175 isti
438 2098 665 2202 ptaescribunt,
681 2097 961 2176 descendendum.

103 2297 212 2366 Varias
220 2265 354 2368 adhibet
369 2261 506 2368 rationes
517 2257 740 2368 Archidamus
748 2298 863 2390 quibus
873 2297 956 2404 cim

86 2431 88 2433 ’
178 2419 263 2511 suos
275 2413 455 2513 diffuadc'at
468 2413 489 2486 ἆ
500 2411 643 2514 Mcffeaa'
654 2417 868 2517 dimittendo

120 2605 143 2688 1;
170 2607 298 2706 Neque
307 2607 387 2681 vetlt
402 2605 445 2680 ad
457 2605 584 2703 bellum
597 2603 813 2694 tantostudio
826 2631 887 2677 vos
900 2604 982 2676 hot-

81 2751 171 2812 tarer,
188 2728 251 2800 nili
264 2753 381 2828 pacem
394 2726 567 2811 viderem,
589 2751 628 2798 ex
648 2725 791 2830 hislquae
802 2742 867 2824 ego
881 2723 980 2812 dico,

80 2848 254 2946 preclaram
278 2858 313 2922 δι
330 2849 461 2922 firmam
475 2829 620 2922 fututam
634 2845 724 2944 else3
743 2870 776 2920 at
791 2871 831 2920 ex
851 2847 890 2920 iis
906 2874 979 2946 quae

80 2971 219 3044 nonnulli
230 2969 371 3068 suadent
379 3024 389 3057 ,
404 2993 441 3044 ut
451 2998 527 3044 cum
536 2969 740 3070 turpitudine
746 2975 980 3068 conjunctam,

80 3089 177 3192 itlpet
187 3093 371 3165 minimum
385 3092 543 3194 temporis
558 3090 699 3194 spatium
708 3090 907 3166 duraturam.
924 3093 981 3165 Et·

79 3211 191 3284 enirnfi
208 3237 383 3314 potentem
394 3209 516 3286 fallam
532 3212 648 3290 urbem
662 3211 808 3286 vicinam
824 3212 980 3289 habueri-

78 3358 162 3416 mus,
181 3333 257 3432 quis
271 3361 343 3406 non
357 3333 513 3434 intelligit
526 3360 586 3406 nos
598 3333 635 3404 in
648 3327 814 3434 rperpetuis
829 3332 981 3405 tumulti-

78 3448 130 3524 bus
140 3461 175 3525 &
190 3453 344 3554 periculis
357 3451 421 3561 elle
432 3451 645 3528 versaturus?¹
655 3454 715 3551 qui
726 3453 825 3554 igitur
838 3452 882 3527 de
892 3449 980 3531 secu·

81 3722 250 3809 τοικήσωμίν
261 3711 348 3810 nepai
360 3711 492 3794 natitent,
503 3724 603 3808 nempe
615 3718 755 3808 Μυρίνην.
