2750 4742
381 319 1279 356 W

382 361 1277 385 ..ψ-...Μ

586 479 1081 568 ANALYSffi

484 687 1179 786 ortn'rrours

683 862 982 911 Insertum

541 988 1133 1079 nnuaonun1uom

630 1314 1036 1371 Paorosrrum

379 1448 432 1549 H
443 1504 494 1544 rac
509 1484 601 1543 oratio
612 1482 721 1544 videtur
733 1479 842 1541 inscribi
852 1478 1165 1562 Panathenaicus,quia
1172 1482 1281 1543 recitata

380 1587 435 1651 suit
445 1589 476 1651 in
484 1586 675 1649 Panathenais
682 1630 692 1658 ,
700 1582 776 1645 festis
784 1582 953 1645 Athenarum
963 1580 1139 1645 solemnibus.
1151 1584 1186 1646 td
1194 1586 1283 1645 inten-

380 1692 423 1753 dit
443 1709 537 1751 orator
557 1707 587 1749 ut
605 1686 699 1749 laudet
715 1689 860 1749 civitatem
879 1684 1097 1758 Atheniensem,
1117 1684 1162 1748 sed
1184 1688 1212 1748 in
1233 1685 1287 1748 hoe

370 1789 515 1873 ‘discrepat
535 1787 751 1851 Panathenaicus
769 1788 785 1850 ai
803 1791 970 1875 Panegyrico
990 1790 1039 1850 ubi
1053 1789 1180 1851 laudatur
1191 1792 1287 1871 pariter

382 1896 482 1956 civitas
501 1892 689 1967 Athenieufis,
708 1892 786 1977 quod
804 1893 862 1954 illic
881 1893 1006 1954 laudetur
1023 1876 1166 1953 occasione
1181 1894 1292 1956 alteriue

384 2002 558 2083 argumenti,
574 1996 619 2059 hic
630 2017 723 2060 autem
733 2004 791 2080 ejus
800 1997 924 2063 laudatio
933 1996 964 2058 fit
973 1992 1061 2079 ipsum
1070 1999 1199 2060 orationis
1207 2018 1289 2083 argu·

386 2122 520 2165 mentum.

770 2204 913 2282 Pramr'ffa.
1354 2277 1355 2294 ἶ

425 2317 580 2392 Antequam
590 2308 625 2370 ad
637 2307 727 2391 ipsam
736 2310 891 2371 orationem
901 2309 1013 2381 teniat,
1026 2308 1145 2390 plurima
1155 2307 1291 2391 pramittit
1354 2305 1355 2348 ι

387 2412 528 2473 Isocrates.

429 2519 453 2575 1.
475 2515 553 2574 Brevi
567 2510 682 2574 exordio
701 2513 814 2594 exponit
832 2532 893 2596 qua:
911 2509 1042 2573 habituris
1054 2510 1291 2574 tramandasusce-

390 2620 459 2700 perit
473 2635 648 2701 argumenta,
662 2624 690 2676 &
703 2636 760 2697 quo
771 2636 841 2675 nune
855 2635 945 2676 uratur
957 2613 1090 2677 scribendi
1101 2637 1208 2700 genere.
1225 2620 1291 2677 Pra-

390 2722 459 2781 dicit
477 2720 504 2780 se
523 2718 663 2780 instituere
679 2719 824 2779 civitatem
838 2707 914 2779 suam
927 2717 1114 2790 landon-sed
1124 2720 1214 2782 multa
1224 2718 1291 2803 priris

390 2800 530 2887 dicturum
541 2844 601 2906 quat
614 2820 649 2882 ad
662 2820 780 2903 seipsum
792 2824 934 2903 pertinent.
956 2829 1052 2905 Itaque
1059 2845 1070 2895 3

433 2932 472 2989 11.
497 2927 630 3007 Queritur
641 2923 674 2985 de
686 2924 848 3005 semetipso,
862 2924 955 3007 quod,
965 2947 1050 3009 quum
1061 2914 1183 2989 ‘anaturai
1191 2930 1291 2989 sortitus

391 3032 474 3093 fuerit
486 3050 607 3090 mentem
618 3026 712 3089 sanam
724 3036 752 3090 δι
769 3050 866 3111 corpus
876 3028 971 3090 sanum
983 3076 992 3102 ,
1008 3052 1064 3092 uon
1078 3030 1205 3093 habuerit
1214 3054 1291 3118 neque

283 3160 287 3167 ⁴
393 3154 493 3195 vocem
510 3152 597 3215 neque
612 3131 760 3194 audaciam
777 3132 906 3193 idoneam
919 3153 949 3193 ut
961 3132 995 3194 ad
1006 3134 1140 3216 populum
1151 3138 1291 3197 conciona·
1349 3201 1350 3206 χ

394 3258 478 3299 retur.

341 3351 343 3356 ’
435 3345 487 3402 ΙΙΙ.
513 3340 645 3420 Queritur
657 3337 692 3399 de
705 3339 827 3422 populo,
839 3338 934 3421 quod,
943 3359 1031 3421 quum
1048 3340 1105 3421 ipse
1117 3338 1292 3402 honestisfima
1348 3363 1349 3384 ι

281 3432 285 3443 ’
396 3449 424 3503 &
447 3442 548 3501 Graecis
568 3440 690 3501 maxime
711 3442 792 3502 utilia
811 3444 971 3503 nauarent
988 3462 1171 3527 argumenta,
1188 3445 1293 3525 populus

394 3562 487 3625 tamen
498 3543 547 3626 ipsi
557 3539 697 3616 invideat,
711 3552 870 3607 &oratores
880 3542 1032 3607 malesanos
1042 3548 1143 3627 majori
1155 3549 1184 3607 iu
1198 3545 1293 3608 honore
1347 3501 1348 3556 i

394 3640 504 3707 habeat.
