2750 4742
271 402 496 477 uerene
530 400 831 479 tnuorrro.
945 427 1006 497 ,μ

94 548 128 613 8(
144 540 193 615 his
209 542 320 647 longe
337 547 524 648 operostota
540 546 689 648 scripta,
718 547 815 621 nobis
840 546 1013 647 reliquisse.
1046 622 1050 629 ,

93 663 178 735 Nam
194 665 258 763 qui
274 666 420 769 superati
440 668 482 742 ab
499 667 569 742 ullo
586 667 710 768 posset,
728 694 784 741 aut
800 668 940 769 Gorgias
954 668 1013 767 qui
1142 674 1145 681 '

92 783 180 858 ausus
193 789 242 859 est
257 787 373 863 dicere
389 790 474 863 nihil
485 791 617 863 existere
633 791 754 863 horum
765 818 835 891 quae
847 816 909 863 nos
919 789 1014 863 vide·

93 932 180 1001 mus3
190 932 249 1005 aut
259 912 379 997 Zeno,
387 912 445 1011 qui
455 912 593 1012 probare
604 936 741 986 conatur
749 912 867 985 eadem
877 920 912 985 δι
920 909 1011 1011 poss'e

94 1034 127 1099 &
147 1054 217 1100 non
233 1030 331 1129 posse
352 1034 450 1109 fieri?
474 1059 530 1108 aur
542 1033 716 1118 Melissus,
738 1034 819 1133 qui,
840 1060 942 1132 quum
961 1058 1012 1105 tes

95 1147 229 1223 infinita
244 1152 336 1239 fint,
356 1165 499 1229 rationes
512 1156 646 1229 molitus
661 1159 707 1229 est
719 1153 881 1228 accersere
892 1152 1011 1253 quibus

96 1269 341 1347 demonstrairet
366 1304 470 1350 unum
493 1277 654 1377 quiddam
680 1277 744 1351 ess'e
768 1301 874 1351 totam
903 1302 1012 1348 rerum

97 1393 371 1469 univerfitatem?

143 1570 198 1636 2⁰.
228 1564 417 1651 Attamen,
434 1567 510 1641 iicet
525 1568 574 1641 illi
588 1569 659 1641 tim
668 1568 840 1642 evidenter
854 1565 1010 1639 ostende-

97 1686 158 1757 rint
184 1686 289 1761 facile
310 1687 375 1763 effe
396 1689 439 1763 de
458 1691 498 1763 iis
521 1719 593 1790 quae
614 1688 778 1791 quispiam
804 1686 1011 1790 proposuerit

98 1804 209 1877 falsam
233 1809 428 1882 orationem
456 1808 696 1896 comminisci,
729 1810 764 1881 in
792 1808 913 1883 eodem
935 1808 1010 1881 loco

101 1928 197 1999 nostri
220 1929 335 2003 adhuc
357 1932 588 2007 immorantur.
619 1934 716 2024 Quos
739 1930 870 2013 decuit,
890 1929 1013 2003 omissis

101 2045 163 2118 istis
177 2051 349 2151 ptaestigiis
365 2079 437 2151 quae
452 2104 462 2135 ,
486 2079 591 2150 quum
601 2050 710 2151 verbis
723 2049 803 2123 alios
815 2049 1012 2123 convincere

102 2164 132 2238 se
151 2170 373 2267 profiteantur
385 2224 397 2257 ,
425 2171 528 2272 reipsd
554 2180 623 2269 jam
648 2170 733 2243 olim
755 2170 831 2271 ipsae
852 2170 1013 2243 convidia

102 2284 192 2373 sunt,
215 2292 396 2365 veritatem
411 2291 585 2393 persequi,
606 2302 640 2366 &
654 2292 729 2365 suos
745 2291 910 2365 auditores
923 2291 958 2363 in
974 2290 1013 2363 iis

33 2503 36 2508 ⁴
104 2408 192 2483 rebus
219 2440 298 2512 quae
323 2413 365 2487 ad
388 2415 493 2487 vitam
515 2415 649 2488 civilem
673 2416 840 2515 pertinent
859 2414 1013 2501 erudire,

36 2572 40 2581 -
104 2548 195 2629 atque
214 2532 262 2605 iti
280 2560 431 2607 exercete
454 2559 492 2607 ut
510 2561 623 2607 earum
645 2536 798 2634 peritiam
821 2535 1013 2633 acquirant3

105 2649 181 2726 illud
202 2657 390 2757 cogitantes
413 2655 514 2757 longe
536 2654 744 2755 praestabilius
765 2652 829 2727 effe
856 2653 898 2727 de
920 2653 1017 2727 rebus

105 2761 232 2849 utilibus
254 2776 441 2850 mediocres
456 2776 630 2877 opiniones
651 2775 773 2849 habere
791 2776 893 2876 quim
909 2776 952 2849 de
967 2774 1018 2849 su-

109 2900 315 2991 pervacaneis
327 2896 517 2997 exquisitam
527 2898 774 2999 cognitionem,
791 2897 876 2971 &in
888 2896 1016 2999 magnis

108 3015 201 3112 'paulo
230 3018 436 3120 superiorem
460 3017 554 3103 esse,
580 3019 682 3118 quam
705 3018 741 3091 in
763 3018 890 3120 parvis,
910 3018 1016 3117 iisque

112 3137 224 3233 quibus
239 3140 309 3214 vita
324 3140 409 3212 nihil
424 3139 619 3239 adjuvatur,
641 3138 784 3212 multirm
800 3138 967 3211 excellere.

161 3314 214 3399 3⁰.
234 3307 367 3384 Verirm
392 3308 442 3382 isti
459 3310 547 3383 ⁴nihil
570 3309 660 3383 aliud
680 3332 818 3395 curant,
840 3307 900 3380 nisr
915 3329 956 3378 ut
976 3305 1017 3379 ab

112 3425 367 3532 adolescentibus
383 3430 532 3505 auferant
541 3432 737 3533 pecuniam3
757 3430 858 3528 idque
872 3430 1017 3529 praestate

118 3672 396 3804 nostratcssophisire.
