2750 4742
223 299 496 382 rvnoonn
521 299 823 381 trunnrro.
910 328 974 405 η,

85 446 181 521 utrlrm
193 450 262 524 nati
280 450 365 537 sint,
384 452 487 551 quim
503 450 687 551 quidquam
705 451 849 553 probent
868 480 984 527 eorum

83 570 99 642 l
113 571 222 669 quibus
235 573 294 672 ipsi
306 572 475 647 beneficiis
487 572 565 645 sunt
574 570 694 648 affesti.
723 574 903 647 Enimvero
915 600 987 646 non

33 709 34 796 f
84 693 167 765 decet
175 692 328 765 cordatos
338 695 426 767 viros
435 694 700 769 istorumservire
709 710 805 769 tantae
814 694 987 789 amenriae;

33 833 34 914 l
83 812 133 885 sed
144 813 334 915 negligendi
350 814 453 900 tales,
476 823 511 887 &
528 798 628 887 ceteri
649 814 881 889 affuefnciendi
899 840 934 888 ut
951 842 990 888 er

85 935 206 1007 audiant
217 964 289 1034 quae
300 937 367 1008 dici
378 939 480 1009 etiarn
491 938 613 1037 aequius
623 941 685 1011 est:
698 937 876 1039 presertim
885 965 991 1037 quum

33 1119 37 1212 p
88 1065 209 1128 &artes
226 1066 262 1129 &
280 1081 387 1131 cetera
402 1058 517 1129 omnia
530 1063 625 1132 auda
637 1056 701 1129 elle
713 1057 903 1143 videamus,
920 1086 991 1130 non

33 1229 34 1280 3
88 1203 136 1277 per
156 1178 289 1277 eosqui
308 1177 421 1251 usitata
445 1180 674 1265 retinuerunt,
698 1178 756 1253 sed
775 1206 833 1280 per
855 1208 912 1255 eos
935 1180 993 1279 qui

89 1325 177 1397 prava
186 1326 326 1399 quaeque
342 1300 505 1400 corrigere
521 1310 556 1377 ὃ(
569 1328 708 1375 movere
723 1301 800 1375 loco
814 1330 885 1375 non
897 1302 994 1376 dubi·

92 1418 196 1495 tirunt.

33 1560 34 1590 l
342 1590 346 1596 .

138 1644 181 1729 3⁰.
212 1628 378 1737 Equidem
404 1635 474 1711 scio
496 1634 597 1737 qudm
620 1636 658 1711 fit
682 1633 819 1711 difficile
843 1636 878 1713 id
902 1630 994 1738 quod

94 1757 223 1858 facturus
247 1759 322 1833 sum
334 1815 346 1846 ‚
374 1754 449 1834 viri
463 1761 621 1834 virtutem
645 1762 797 1833 oratione
821 1760 995 1835 celebrare.

93 1882 185 1979 Cujus
200 1883 250 1953 rei
263 1881 328 1955 hoc
342 1883 526 1965 maximum
543 1882 672 1984 fignum
694 1885 761 1969 est,
782 1883 874 1982 quod
891 1911 995 1983 quum

33 1995 34 2012 ¹
93 2002 232 2077 homines
259 2006 381 2079 eruditi
404 2006 446 2078 de
472 2006 544 2077 aliis
566 2005 678 2078 multis
706 2006 867 2105 variisque
900 2005 996 2079 rebus
1067 2081 1070 2092 ,

94 2122 189 2198 dicere
211 2126 380 2210 audeant,
404 2124 519 2198 dehis
544 2153 616 2225 quae
639 2126 716 2199 dico
739 2152 841 2199 nenro
861 2125 997 2199 illorum

33 2229 34 2319 l
94 2274 227 2346 unquam
238 2247 379 2321 scribere
391 2247 553 2348 aggreffus
564 2246 678 2320 fuerit:
691 2248 728 2320 id
738 2249 831 2347 quod
841 2249 888 2320 eis
899 2248 997 2349 plane

93 2368 321 2467 ignoscendum
337 2363 400 2455 else
417 2367 547 2441 censeo.
570 2370 660 2441 Nam
676 2369 782 2468 poetis
800 2393 997 2441 ornamenta

94 2490 184 2563 multa
201 2488 351 2563 concessa
369 2490 455 2563 sunt.
481 2490 524 2562 lis
546 2491 638 2562 enirn
654 2485 732 2561 licet
750 2490 844 2561 Deos
860 2488 996 2563 miscere

95 2610 260 2685 hominum
283 2611 438 2695 caetibus,
461 2638 498 2682 ac
519 2610 731 2683 introducere
746 2610 994 2711 colloquentes,

95 2734 333 2832 &adjuvantes
352 2730 580 2832 quoscumque
598 2730 787 2827 voluerint;
812 2756 909 2831 atque
929 2733 996 2805 haec

94 2854 198 2927 erdem
210 2854 372 2955 explicare
384 2853 492 2927 verbis
505 2879 576 2924 non
586 2851 716 2923 tantinn
727 2850 858 2937 ufiraris,
867 2852 925 2927 sed
935 2854 999 2927 alia

95 2977 280 3076 peregrinis,
291 2975 355 3047 alia
364 2975 480 3059 novis,
492 2974 556 3047 alia
564 2974 742 3069 transsatis3
755 2974 838 3045 nihil
850 2974 996 3073 denique

97 3099 329 3195 pretermittere
342 3095 998 3199 quopoesrmqueantonrnigenerefigu·

97 3220 539 3294 rarumvariarenratoribus
548 3243 659 3293 autern
667 3218 752 3291 nihil
760 3217 951 3304 huiusmodi
960 3220 997 3291 li-

33 3383 34 3426 p
99 3340 425 3435 cet3led&breviter
435 3339 550 3440 loqui,
565 3340 710 3425 &,ci1m
720 3339 827 3415 verbis
837 3338 996 3439 vulgatis,

144 3626 186 3719 [1.
206 3632 259 3725 r.]
279 3626 707 3723 thunsonnfejnel'lv.
787 3742 840 3815 S'

831 3768 853 3839 ¹l
