2750 4742
237 449 452 523 urinum
486 446 789 523 rnuunrro.
839 550 843 555 ι
900 476 969 546 357

68 587 122 687 ipsi
133 590 153 667 J
154 576 220 664 uno
235 620 376 695 regnum
385 573 487 678 Afiae,
497 574 659 669 Minerva*
669 576 846 669 vieboriam
855 594 891 665 in
900 594 972 667 bel-

66 708 247 793 lis‚Venus
257 708 450 815 conjugium
462 715 598 789 Helenae
609 716 761 801 offerret,
777 713 846 816 ipse
853 740 970 789 autem

66 855 130 901 non
141 831 403 933 poffetDearum
414 836 898 937 pulchritudinemdijudicate,
910 826 969 907 secl

66 948 176 1025 harum
188 953 316 1055 fulgore
327 956 509 1057 perculsus,
527 954 674 1029 sdorum
685 982 862 1029 munerum
871 955 972 1054 judex

65 1069 123 1143 effe
138 1100 325 1175 cogeretur,
335 1055 609 1150 consuetudinem
623 1078 760 1151 Heleno
774 1077 889 1150 ceteris
899 1105 973 1149 om·
989 1122 993 1130 ι

66 1190 155 1263 nibus
175 1194 369 1295 anteposuit.
394 1197 474 1268 Non
498 1197 589 1295 qubd
607 1198 792 1297 voluptates
813 1196 973 1295 ptaecipue
996 1182 1002 1191 ’

64 1310 217 1409 spestaret
238 1316 316 1406 (etsi
331 1317 423 1389 enim
440 1344 492 1391 eas
514 1318 674 1416 sapientes
697 1317 759 1389 viri
774 1315 886 1389 multis
902 1314 973 1388 aliis

66 1433 155 1506 rebus
170 1435 368 1535 praeferunt,
388 1466 458 1509 non
477 1463 588 1509 tamen
604 1440 644 1509 eb
657 1436 814 1535 impulsus
826 1439 871 1509 est
884 1441 918 1528 ),
939 1460 973 1507 at

65 1554 152 1629 Jovis
166 1583 268 1655 gener
280 1556 350 1630 fieri
361 1567 397 1631 ὃ(
409 1557 575 1629 nominari
585 1557 722 1629 studuit:
736 1557 857 1655 quippe
866 1556 975 1629 existi-

67 1702 155 1746 mans
171 1676 260 1747 hunc
275 1678 438 1749 honorem
452 1676 550 1775 longe
567 1683 729 1773 majorem
744 1682 779 1747 δε
793 1672 974 1775 praeclario-

67 1820 131 1865 rem
146 1794 209 1868 effe
227 1796 328 1897 quim
348 1796 429 1869 Afiae
449 1822 611 1897 regnum3
634 1806 668 1869 ὅ(
691 1824 812 1895 magna
836 1795 975 1895 quidem

67 1910 567 2017 imperia&potentiam,etiam
578 1916 674 1988 nihili
688 1917 878 1989 hominibus
889 1917 974 1990 olim
1043 1986 1049 1992 .

68 2034 267 2123 obventura,
295 2038 351 2113 tali
374 2042 452 2111 verb
476 2038 613 2111 muliere
634 2039 805 2109 neminem
824 2065 974 2136 unquam

68 2161 268 2255 posterorum
284 2160 457 2260 dignatum
477 2161 541 2256 iri3
566 2188 602 2233 ac
621 2186 774 2261 praeterea
791 2160 825 2233 se
844 2147 975 2233 nulium

67 2278 226 2376 pulchrius
242 2280 479 2381 patrimonium
493 2282 557 2355 suis
577 2282 687 2383 liberis
703 2280 791 2382 poffe
806 2277 973 2381 relinque-

69 2424 119 2483 re,
140 2400 277 2498 quzimsr
291 2400 358 2473 tim
372 2425 541 2500 paternam
555 2402 656 2500 quim
671 2426 853 2475 maternam
868 2402 973 2501 origi-

69 2546 142 2593 nem
154 2522 197 2593 ad
209 2522 332 2615 Jovem
344 2521 452 2623 ipsum
466 2522 634 2594 referrent.
648 2522 776 2593 Sciebat
785 2522 876 2593 enim
890 2546 974 2593 cete-

69 2666 100 2712 ra
120 2642 260 2717 fortunae
278 2642 457 2739 commoda
479 2641 627 2713 celeriter
647 2640 779 2713 transire
800 2641 841 2711 ad
866 2640 973 2724 aiios,
1066 2708 1072 2715 .

69 2764 178 2836 venim
197 2764 406 2837 nobilitatem
427 2764 557 2863 semper
580 2762 667 2863 apud
689 2760 824 2869 eosdem
844 2788 974 2861 perma-

70 2910 150 2958 nere.
172 2887 353 2960 Deiectum
376 2887 464 2959 hunc
483 2885 582 2987 igitur
603 2886 638 2986 in
658 2885 757 2957 totius
778 2882 827 2956 sui
844 2883 972 2984 generis

72 3007 331 3107 emolumentum
349 3006 508 3081 ceffurum
529 3004 592 3079 effe
612 3005 849 3106 prospiciebat,
867 3032 974 3103 quum

73 3150 171 3199 cetera
182 3154 320 3203 munera
331 3154 400 3200 non
411 3126 566 3200 ulrtbsuae
578 3127 651 3199 vitae
663 3128 823 3203 terminos
835 3124 972 3199 durato·

73 3271 102 3317 ra
115 3247 225 3319 essent.
256 3248 368 3319 Nemo
388 3249 498 3346 iraque
520 3248 570 3319 vir
584 3247 734 3319 cordatus
751 3250 796 3319 est
808 3248 890 3344 quin
904 3245 969 3317 haec

74 3360 310 3464 prudentiffimb
322 3369 464 3469 cogitata
474 3366 622 3444 fateatur.

124 3740 172 3805 2⁰.
195 3733 343 3849 Quidam
357 3756 467 3808 autem
480 3744 595 3807 eorum
609 3730 668 3831 qui
686 3729 770 3803 nibil
785 3730 974 3830 expendunt

743 3855 773 3922 Z
796 3850 831 3949 iij
