2750 4742
245 328 511 407 rvnoottn
544 328 841 403 monimo.
935 352 996 426 ,ις

109 472 177 545 natis
189 473 383 561 bellicosos,
401 501 441 549 er
454 473 598 549 obscuris
612 474 866 559 celeberrimos,
887 470 1004 546 reddi-

108 594 165 666 dit:
187 623 288 693 quum
312 597 392 668 vero
414 594 526 668 locum
548 622 688 669 omnem
711 592 945 697 inhospitalem
963 602 1000 667 δι

107 715 219 814 prorsuis
237 715 410 789 efferatum
429 715 628 803 invenillet,
646 717 903 791 mansuetiorem
923 714 1003 789 secit

53 857 57 946 j
107 834 319 908 &mitiorem
342 834 399 909 Ad
411 836 479 909 hac
493 835 646 937 susceptis
655 864 732 909 cum
745 863 821 937 rege
832 835 1002 909 Persarum

107 955 294 1041 inimicitiis,
311 956 380 1029 tim
393 958 541 1057 praeclard
556 984 634 1031 eum
646 958 732 1031 ultus
744 960 812 1043 est,
828 982 865 1031 ut
877 957 1002 1031 bellum

104 1075 134 1145 in
156 1077 267 1176 Cypro
291 1079 417 1177 gestum
440 1078 530 1151 nulli
555 1078 727 1151 oblivione
750 1102 849 1177 queat
867 1077 1003 1151 aboleri.

105 1196 187 1269 Dium
208 1222 319 1271 autem
343 1198 492 1297 ejusdem
510 1200 595 1299 regis
615 1198 720 1271 socius
742 1197 842 1283 effet,
860 1198 1003 1298 seipsum
1028 1262 1031 1273 .

107 1319 177 1392 adel)
190 1321 326 1419 praebuit
338 1322 507 1412 utiliorem
519 1321 620 1421 qudm
633 1322 754 1406 ceteri,
768 1345 804 1393 ut
818 1320 905 1393 extrd
918 1346 1002 1391 con·

108 1439 282 1512 troversram
302 1440 344 1515 ad
363 1441 479 1515 navale
495 1441 642 1542 praelium
659 1441 743 1513 circl
759 1439 913 1514 Cnidum
928 1468 1003 1513 ma-

109 1563 195 1634 ximas
213 1564 245 1635 ei
263 1564 347 1636 vires
365 1564 553 1639 contulerit.
577 1566 658 1657 Quo
673 1564 785 1665 praelio
806 1574 841 1639 &
859 1590 914 1637 rex
934 1560 1003 1662 ipse

109 1682 193 1753 totius
209 1682 291 1756 Asrae
307 1681 481 1756 dominatu
495 1684 619 1784 potitus
632 1686 697 1779 est3
712 1693 747 1757 δε
761 1681 1005 1757 Lacedaemonii

46 1861 47 1864 ,
109 1802 157 1900 qui
170 1804 242 1875 anti:
261 1802 373 1876 Asiam
390 1803 622 1889 devastabant,
639 1804 682 1875 de
698 1802 752 1875 sud
767 1804 912 1905 ipsorum
924 1802 1004 1875 urbe

110 1922 249 1996 dimicare
267 1925 373 1997 coadti
388 1925 484 2020 sunt3
500 1934 535 1998 δε
550 1926 681 2010 Graeci,
697 1922 824 1998 excusso
840 1922 1003 1997 servitutis

43 2045 45 2110 J
110 2052 195 2143 jugo,
213 2069 404 2145 receperunt
415 2044 621 2141 libertatem3
637 2055 671 2119 &
682 2046 728 2118 ital
738 2068 909 2119 creverunt
922 2069 1002 2143 opes

110 2164 367 2252 Atheniensium,
391 2191 427 2239 ut
447 2168 505 2266 qui
525 2168 612 2268 priuis
631 2168 694 2241 illis
715 2166 937 2268 imperitant,
960 2164 1003 2239 ad

111 2284 182 2385 ipsos
193 2289 344 2364 venirent
359 2289 709 2391 imperiurntradituri.

40 2905 41 2928 ¹
149 2913 276 3004 Quare,
291 2908 397 3009 liquis
410 2937 464 2983 me
477 2910 658 3014 interroget
667 2910 843 3012 quid'intet
852 2912 1005 3013 Evagorae

109 3027 242 3106 facinora
261 3032 444 3105 maximum
460 3031 522 3107 elle
538 3034 706 3133 judicem,
723 3034 835 3109 utrtlm
852 3056 1006 3107 navatam

69 3165 72 3176 ’
109 3180 233 3253 operam
243 3164 279 3228 &
294 3153 451 3226 auxilium
461 3154 576 3227 datum
586 3156 701 3227 contri
717 3154 1007 3239 Lacedaemonios,

110 3299 231 3375 propter
246 3302 318 3375 quae
337 3272 515 3347 factasunt
528 3302 567 3347 ea
582 3303 653 3374 quae
669 3274 775 3347 modo
787 3274 877 3358 dixi,
893 3300 935 3346 an
950 3301 1009 3346 ex-

111 3419 242 3472 tremum
252 3397 397 3482 bellum,
410 3425 453 3469 an
465 3399 717 3499 occupationem
725 3395 836 3495 regni,
850 3422 893 3467 an
904 3419 1008 3469 totam

112 3544 210 3593 retum
221 3518 563 3602 administrationem,
580 3517 663 3617 quid
678 3516 898 3617 respondeam
914 3515 1009 3590 valdd

113 3639 166 3717 lim
178 3642 378 3719 dubitaturus
388 3670 401 3742 ⁰,
414 3640 576 3743 fiquidem
585 3640 622 3713 id
629 3638 813 3714 maximum
824 3646 858 3713 δέ
869 3637 1011 3713 maximd
