2750 4742
235 348 319 423 nn
357 318 528 425 unca
566 350 848 432 ouarto
931 386 995 453 η.

97 494 208 582 secuti,
231 525 302 572 non
324 498 546 600 principatum
571 498 748 587 obtinere,
775 501 833 576 scd
851 508 1002 601 tyranni·

95 619 164 693 dem
179 622 323 696 exercerc
331 674 343 708 ,
357 622 575 697 instituerunt.
596 624 681 717 Quae
695 650 745 699 tes
757 625 912 702 eamdem
922 630 1001 729 qui·

89 740 165 813 dem
187 742 257 839 vim
277 742 398 815 habete
419 740 601 828 videntur,
624 744 810 845 longissimd
832 750 913 821 verb
930 749 949 821 d
965 748 1000 823 se

96 862 319 953 invicemsunt
329 889 473 939 remota.
487 865 679 968 Principum
693 869 787 942 euim
796 868 945 947 officium
955 872 1002 945 est

96 980 145 1054 fibi
157 981 303 1081 subditos
316 984 371 1058 sui
391 984 539 1087 ipsorum
557 987 633 1059 curi
654 987 793 1061 reddere
809 988 974 1065 feliciores
984 1021 999 1089 3

97 1088 299 1203 tyrannorum
315 1132 426 1182 autern
444 1134 483 1181 ea
498 1107 704 1183 consuetudo
724 1113 771 1184 est
781 1163 793 1196 ,
815 1110 1002 1213 voluptates

96 1226 154 1299 luas
168 1254 206 1300 ex
221 1229 363 1303 aliorum
374 1229 541 1303 laboribus
553 1238 588 1303 δι
602 1230 699 1305 malis
710 1259 911 1333 comparate.
934 1234 1001 1307 At⁴

96 1350 144 1448 qui
163 1349 286 1423 necesse
303 1354 348 1425 est
373 1378 429 1425 eos
451 1342 510 1451 qui
527 1349 698 1447 tyrannica
720 1350 869 1425 facinora
883 1379 1001 1453 aggre-

97 1470 238 1557 diuntur,
255 1474 357 1546 etiam
372 1473 407 1544 iu
421 1474 604 1569 tyrannicas
621 1469 768 1545 incidere
782 1472 1001 1559 calamitates,

97 1593 219 1665 &talia
243 1578 331 1695 ipsos
354 1595 395 1668 ab
414 1594 484 1669 aliis
510 1596 579 1696 pati
604 1594 715 1694 qualia
737 1594 796 1695 ipsi
814 1620 950 1695 quoque
966 1594 1004 1665 in

96 1712 163 1815 alior
184 1702 334 1788 fecerint.
358 1716 397 1789 ld
420 1716 512 1817 quod
534 1726 570 1791 δε
590 1719 706 1789 nostrae
728 1716 855 1789 civitati
872 1714 1003 1791 accidit.

97 1836 172 1907 Nam
181 1860 217 1909 ut
228 1836 335 1937 patres
347 1840 449 1919 nostri
460 1864 548 1911 arcet
556 1838 695 1911 aliarum
706 1836 1002 1939 urbiumpraefidiis

25 1960 26 2019 ἶ
97 1958 311 2059 occupdtunt,
338 1961 383 2033 iti
405 1959 498 2033 suatn
522 1960 558 2032 in
583 1962 743 2061 potestate
767 1960 912 2035 hostium
937 1958 1003 2032 ell‘e

25 2062 27 2097 ³
97 2078 260 2152 viderunt:
279 2080 662 2181 utliberosalparentum
673 2080 900 2180 complexibus
910 2079 1004 2154 avul-

25 2274 26 2279 ,
99 2200 307 2286 los,obs1des
327 2228 544 2303 acceperunt,
566 2202 612 2275 itl
632 2203 731 2275 multi
751 2203 875 2277 civium
894 2203 1002 2276 coadi

99 2319 159 2393 lunt
168 2321 242 2395 suos
255 2322 377 2395 liberos
389 2322 425 2394 in
438 2322 611 2395 obsidione
622 2322 714 2423 pejiu
724 2331 759 2395 δε
770 2323 857 2396 alere
865 2331 901 2396 ὃ(
911 2322 1003 2396 insti-

99 2426 174 2515 tueie
185 2444 287 2542 quim
297 2444 342 2517 eis
352 2442 590 2517 conveniebat:
601 2468 637 2515 ut
646 2443 754 2517 aliena
763 2444 883 2544 praedia
893 2444 1003 2517 tolete

97 2560 157 2661 ipsu
176 2564 339 2664 contigit,
361 2564 406 2637 iti
422 2590 480 2664 per
495 2563 618 2637 multos
632 2590 738 2635 annos
758 2563 814 2637 sua
832 2590 875 2636 ne
888 2564 1002 2637 videre

25 2756 26 2793 ξ
97 2683 219 2780 quidem
231 2682 336 2763 licuit.
351 2684 586 2777 Quamobrem
601 2682 625 2757 fi
640 2685 716 2783 quis
731 2708 794 2756 nos
811 2708 942 2785 rogaret
958 2712 1002 2759 att

98 2806 308 2882 vellemus.ob
326 2806 505 2907 imperium
526 2806 647 2879 tantilli
667 2806 850 2906 temporis,
865 2810 1003 2908 tenipu-

25 2916 26 2949 ³
99 2927 205 3008 blicam
233 2930 332 3004 tantis
358 2928 506 3003 cladibus
531 2928 689 3003 affliunn
711 2927 864 3013 intueti,
891 2928 1003 3030 ecquis

25 3118 26 3123 ,
99 3049 309 3137 eleuaretur,
330 3049 387 3123 nist
404 3049 491 3123 forte
506 3048 670 3150 quispiam
685 3045 782 3147 plani
794 3047 1002 3149 desperatus,

25 3172 26 3205 ³
97 3174 273 3273 quinoque
300 3174 524 3275 religionem,
556 3190 665 3271 neque
692 3193 842 3270 patentes
851 3220 866 3259 ,
892 3194 1004 3268 neque

25 3332 27 3397 3
91 3292 227 3383 liberos,
248 3321 358 3393 neque
376 3294 560 3393 quidquam
577 3274 770 3368 aliudscnu
786 3291 847 3365 nili
866 3292 1004 3365 turicum

25 3516 26 3521 ἵ
100 3414 161 3489 uita
180 3416 243 3515 luae
266 3419 421 3516 tempus?
445 3418 602 3511 Quorum
622 3437 773 3487 mentem
790 3396 1002 3512 netiuaquam

144 3671 197 3771 [l
214 3711 228 3771 ¹.
235 3678 291 3776 5.]
313 3673 542 3781 impunibilem
559 3691 637 3778 vulg.
651 3680 856 3757 &caradriu-
885 3758 888 3765 ,
916 3758 933 3777 .·

770 3790 853 3865 Pir
