2750 4742
229 375 647 466 announclrrcn
672 388 895 465 orario.
948 416 1015 486 107

94 536 172 635 puli
189 538 380 623 studiofior,
397 538 523 638 legibus
539 536 602 611 suis
618 540 803 626 constituit,
819 549 856 614 &
870 540 1016 613 Clisthe-

97 684 178 744 nes,
194 663 338 757 tyrannis
349 660 462 759 ejectis
475 661 665 762 populoque
680 664 716 735 in
728 664 846 736 urbem
858 661 1014 749 reducto,

97 780 136 850 in
153 781 324 883 integrum
340 783 494 855 restituit:
514 782 578 883 qud
592 809 652 856 nec
666 784 932 885 populariotem‚
952 771 1016 857 nec

98 902 288 1001 reipublicae
296 904 482 989 utiliorem,
492 906 701 1005 reperiemus.
711 908 817 1005 Cujus
827 905 910 978 illud
920 932 1016 1005 argu-

5 1055 6 1062 *
97 1046 258 1096 mentum
268 1028 313 1097 est
324 1025 523 1108 maximum,
534 1024 625 1123 quod
637 1026 696 1124 qui
706 1025 744 1099 ed
757 1024 802 1098 uli
812 1024 887 1099 sunt
894 1078 906 1111 ,
920 1025 1016 1099 rebus

99 1142 219 1215 multis
239 1145 388 1244 praelat&
402 1148 521 1245 gestis,
544 1156 580 1220 &
597 1146 683 1247 apud
700 1174 817 1223 omnes
836 1148 1018 1221 maximam

97 1262 216 1363 adepti
226 1265 388 1365 gloriam,
402 1268 578 1367 imperium
594 1269 746 1342 :thaecis
766 1268 852 1340 ultro
868 1267 1016 1342 delatum

45 1418 49 1424 ·
98 1410 308 1484 acceperunt.
331 1390 401 1479 Qui
417 1414 527 1461 autem
543 1389 627 1462 hanc
643 1389 786 1489 amplexi
802 1387 900 1473 sunt,
921 1386 1017 1461 invisi

99 1506 262 1579 omnibus
276 1518 311 1582 &
324 1509 439 1583 acerba
451 1510 554 1585 multa
565 1513 722 1613 perpelli,
736 1511 901 1587 excidium
913 1521 948 1584 &
962 1511 1018 1581 in-

101 1629 335 1703 ternecionem
349 1632 403 1704 vix
416 1632 589 1707 evitavlre.
601 1635 686 1726 Quis
699 1659 895 1708 autemeam
908 1632 1021 1706 admi·

99 1747 332 1823 nistrationem
346 1752 456 1826 laudet
471 1777 526 1827 aut
540 1754 771 1855 amplectatur,
789 1781 861 1853 quae
878 1762 914 1826 &
925 1776 1020 1825 ante·

96 1870 165 1941 hac
180 1895 230 1943 tot
243 1874 406 1948 malorum
423 1873 546 1949 fons&
559 1876 654 1977 otigo
666 1874 750 1960 fuit,
765 1884 801 1949 &
814 1900 901 1947 nunc
916 1895 1014 1973 quot-

99 1992 200 2065 annis
216 2020 354 2095 praeceps
372 1994 511 2070 subinde
532 1997 634 2069 fertur
650 1996 686 2067 in
708 1995 859 2069 deterius.
884 1994 1012 2068 Annon

98 2115 321 2189 metuendum
338 2120 383 2189 est
401 2145 444 2191 ne
465 2118 515 2189 his
533 2116 756 2190 calamitatum
778 2115 1010 2200 incrementis,

101 2234 242 2308 tandem
249 2238 282 2309 in
293 2238 473 2313 acerbiores
483 2240 583 2339 qudm
593 2239 676 2312 olim
687 2238 794 2312 clades
806 2238 1011 2311 incidamus?

152 2477 208 2549 Ne
221 2479 299 2552 verb
312 2478 502 2553 summatim
518 2480 647 2554 tantum
663 2481 729 2554 haec
742 2480 912 2554 audientes
926 2530 938 2563 ,
954 2476 1013 2553 sed

101 2598 229 2699 singula
238 2601 476 2701 expendentem
488 2602 607 2675 tedlilts
619 2603 669 2675 his
684 2601 833 2674 derebus
845 2599 1010 2698 judicetis,

103 2730 139 2795 &
168 2722 299 2821 potiora
328 2723 476 2823 eligatis,
496 2726 591 2798 vestri
613 2724 752 2827 quidem
776 2720 878 2797 officii
896 2723 942 2794 est
957 2745 1013 2793 me

102 2844 273 2916 dicentem
286 2846 409 2917 attente
419 2846 546 2933 audite,
556 2874 619 2948 ego
628 2847 774 2919 conabor
784 2846 884 2944 qudm
895 2866 1012 2944 potero

101 2964 289 3037 breviflime
313 2966 356 3039 de
373 2992 509 3067 utraque
528 2966 778 3041 administrandi
795 2964 903 3038 fotmd
924 2960 1012 3063 apud

103 3114 166 3162 vos
180 3086 342 3162 differere.

99 3280 183 3375 Post
200 3278 365 3379 Praemtffi
381 3309 489 3355 orator
503 3288 651 3356 enuntiat
670 3309 738 3379 qua
745 3282 795 3383 fit
813 3309 887 3355 vcra
904 3282 1012 3350 demo·

152 3410 287 3487 cratia,
315 3403 476 3477 &deinde
501 3411 617 3479 laudat
636 3409 860 3477 democratiam
884 3426 1012 3473 veterem

150 3532 304 3597 collatam
321 3530 355 3597 in
370 3531 518 3599 omnibus
532 3558 604 3600 cum
612 3531 765 3623 prasenti.

155 3690 190 3767 10*
208 3689 534 3791 Qui'rcmpublicam
552 3689 616 3765 illis
637 3689 839 3789 temporibus
860 3710 1014 3775 tenuere,
1056 3715 1058 3718 ·
