2750 4742
295 360 827 437 PANATHENAICUS.
938 387 1004 453 441

43 494 45 497 ⁵
106 501 140 574 in
153 500 210 579 me
224 504 375 581 con'ferre
388 535 458 581 non
470 506 650 609 dubitanti
663 508 781 607 quibus
795 506 867 579 sum
880 506 1010 607 prorsus

106 624 241 699 alienus.
263 628 360 713 Sedfi
374 656 444 701 rem
456 628 540 701 serio
552 654 645 728 agere
656 629 857 702 instituerem
867 680 879 713 ,
890 654 1011 726 acpro-

104 732 199 817 lixiiu
221 747 373 847 loquerer
398 749 440 822 de
463 750 501 821 iis
522 750 715 857 hominibue
742 777 884 848 quorum
909 776 1011 847 nemo

18 948 19 953 ἵ
105 864 231 962 judicat
249 868 350 943 ullam
373 869 561 942 habendam
575 868 638 941 esse
654 870 839 957 rationem,
863 896 925 968 ego
942 876 1013 966 jure

105 986 218 1059 stultus
229 988 368 1062 viderer.
389 992 423 1061 N
425 991 557 1091 eglestis
568 991 666 1099 igitur
677 991 743 1063 istis
756 1015 912 1089 tanquam
924 990 1013 1061 invi·

106 1104 180 1189 dis,
206 1109 348 1207 reliquos
374 1102 491 1183 docere
517 1110 662 1183 conabor
695 1137 751 1182 eos
780 1109 948 1182 immerito
976 1117 1012 1181 &

105 1226 225 1323 injurias
245 1230 289 1299 id
303 1230 345 1302 de
360 1258 414 1303 me
428 1230 557 1305 sentire.
581 1233 666 1324 Quis
681 1230 772 1311 enim
790 1257 859 1302 non
874 1229 1013 1303 stultissi-

106 1375 202 1420 mum
216 1350 280 1422 effe
294 1338 349 1424 ine
363 1352 581 1452 pronunciet,
599 1351 622 1423 si
638 1379 694 1424 eos
707 1352 843 1451 quinon
854 1351 953 1424 aliam
967 1349 1012 1422 ob

108 1494 178 1541 rem
191 1470 275 1543 mihi
288 1472 362 1545 sunt
374 1472 511 1559 infensi,
523 1472 582 1546 nisi
591 1471 681 1572 quod
693 1472 857 1573 eleganter
866 1471 1016 1570 quaedam

108 1589 219 1663 dicere
236 1590 321 1665 visus
338 1592 415 1677 sim,
432 1620 488 1666 eos
504 1618 637 1695 putem,
654 1592 677 1665 si
694 1592 814 1665 eodem
829 1579 932 1663 modo
948 1618 1015 1689 quo

107 1711 197 1810 prius
213 1709 411 1798 disseruero,
431 1712 540 1787 mimis
555 1714 600 1787 ob
616 1741 653 1787 ea
668 1741 738 1811 quae
756 1712 775 1783 d
792 1739 846 1784 me
863 1712 1016 1783 dicuntur

109 1832 296 1919 dolituros,
317 1862 353 1906 ac
370 1863 440 1907 non
457 1835 565 1936 potius
581 1834 705 1908 futuros
721 1835 921 1938 acerbiore33
939 1860 1017 1933 prae-

108 1956 222 2028 sertim
235 1956 291 2037 ubi
304 1957 446 2030 viderint
455 1984 497 2030 ne
507 1958 542 2028 in
552 1957 694 2031 extrem'd
703 1956 840 2055 quidem
850 1954 1018 2027 senestute'

18 2140 19 2167 Ξ
108 2100 164 2146 me
183 2074 349 2149 delirare?
369 2077 507 2148 Arenim
521 2103 563 2147 ne
581 2074 662 2147 illud
678 2075 816 2174 quidem
829 2072 1018 2147 faciendum

18 2184 19 2265 ζ
108 2194 285 2293 quisquam
307 2195 390 2268 mihi
410 2194 600 2295 persuaserit
618 2218 677 2281 ut,
702 2193 751 2268 his
771 2195 891 2267 resistis
907 2203 942 2267 &
958 2194 1019 2267 abss
1073 2258 1078 2268 .

107 2316 225 2414 jediis,
247 2342 322 2387 eam
347 2317 533 2389 orationem
556 2316 726 2389 absolvam
747 2344 850 2415 quam
873 2316 1018 2401 institui,

18 2420 19 2433 ἵ
108 2436 241 2534 qudque
259 2436 389 2510 decrevi
405 2438 575 2510 ostendere
593 2442 736 2511 nostram
748 2439 916 2511 civitatem
928 2437 1021 2536 plura

110 2559 147 2629 in
163 2561 295 2652 Graecos
309 2559 468 2632 beneficia
483 2558 670 2643 contulisse,
693 2560 793 2658 quim
807 2559 1019 2631 Lacedaemo·

75 2726 76 2731 κ
92 2754 95 2759 ,
111 2680 248 2751 niorum
259 2666 505 2781 rempublicain.
525 2681 666 2775 Quodsi
684 2708 772 2784 nunc
785 2680 944 2765 facerem,
960 2706 1021 2752 ne·

112 2827 177 2897 que
194 2801 244 2873 his
256 2801 358 2875 finem
370 2804 657 2903 imponerem'quae
668 2800 1022 2902 modoscripsr‚neque

18 2906 19 2959 3
113 2919 248 3013 illorum
271 2945 345 3021 'quae
368 2923 510 2997 dicenda
531 2923 605 2997 sunt
629 2910 802 2997 eriordium
821 2921 1024 2996 conclusioni

18 3030 19 3091 Ῑ
113 3042 235 3123 horum
251 3070 320 3140 quae
339 3052 405 3141 sam
420 3044 510 3123 dida
523 3043 586 3117 fint
598 3030 802 3131 *attexerem
822 3068 899 3117 tunc
912 3042 1022 3116 similis

114 3188 232 3237 eorum
244 3162 371 3236 viderer
385 3164 441 3261 qui
456 3166 577 3237 temere
589 3166 827 3267 &importune
842 3162 1022 3239 &confuse

114 3284 280 3385 quidquid
297 3286 332 3359 in
349 3314 386 3359 os
397 3288 488 3360 venit
499 3286 671 3384 effutiunt3
684 3316 755 3385 que
767 3286 914 3362 cavenda
926 3284 1022 3357 nobis

166 3654 213 3748 [s.
231 3658 287 3753 9.]
311 3647 384 3735 sici
398 3707 409 3741 2
424 3674 510 3737 veiim
523 3676 662 3757 interponi
680 3664 746 3764 dns.
848 3754 852 3759 ‚
