2750 4742
257 335 813 489 uritur-rruonrross
916 364 990 466 ,η’

91 516 301 615 magnanimis
315 503 416 615 quiin
424 528 485 588 'eos
497 513 555 613 qui
567 514 587 586 d
601 514 754 588 servitute
766 516 919 615 oppreffis
929 516 989 589 de·

90 636 248 720 feruntur,
263 634 391 707 tantltm
402 632 507 707 abfuit
520 660 557 707 ut
570 635 754 733 quidquam
766 633 888 707 faceret
898 636 989 709 invi·
1014 646 1019 662 '

89 757 124 827 tis
143 754 291 841 civibus,
311 781 348 829 ut
368 766 404 830 &
426 754 495 856 ipse
516 754 676 855 populum
700 755 863 828 summam
879 782 989 828 retum

87 878 205 974 juberet
221 877 469 962 administrare,
492 887 528 951 &
551 877 601 949 illi
623 876 729 949 solum
748 876 835 949 hunc
853 902 990 979 regnate

88 997 226 1101 vellent,
247 1000 465 1070 existimantes
479 1005 548 1095 ejus
559 996 789 1068 monarchiam
803 996 990 1071 fideliorem

87 1126 119 1189 &
131 1119 309 1215 aequiorem
325 1116 390 1190 elle
411 1116 518 1214 qudm'
533 1114 624 1186 suam
648 1114 794 1214 ipsorum
814 1114 990 1187 democra-

28 1259 29 1336 ᾗ
89 1236 171 1308 tiam.
189 1237 270 1308 Non
282 1240 373 1309 enirn
383 1289 394 1321 ,
407 1233 500 1333 quod
511 1236 568 1306 alii
579 1235 707 1333 solent,
725 1235 853 1308 labores
864 1237 989 1309 civibus

27 1494 34 1612 l

88 1357 260 1430 mandabat
278 1358 358 1429 dti‘rn
376 1357 462 1429 solus
481 1356 550 1456 ipse
563 1336 694 1456 caperet
710 1356 916 1456 voluptates3
932 1357 990 1429 sed
1016 1427 1020 1435 .

88 1477 141 1549 srbi
151 1479 313 1577 privatim
333 1477 522 1552 vindicabat
545 1478 711 1577 pericula,
734 1476 817 1550 dtlm
836 1478 991 1551 utilitates

28 1619 36 1666 1.
87 1598 322 1692 incommune·
334 1597 517 1669 conferret..
535 1599 651 1694 ltaque
669 1597 772 1671 vitam
788 1597 902 1671 &line
918 1598 991 1671 ullis

88 1717 205 1792 infidiis
224 1728 262 1791 δι
282 1717 578 1801 sunum-omniurn
598 1710 731 1791 raritate
753 1706 900 1818 peregit,
920 1719 989 1795 non

28 2049 30 2132 i

87 1841 259 1940 peregrinis
272 1839 431 1914 militibus
443 1832 621 1939 imperium
636 1840 844 1925 muniendo,
862 1840 923 1914 ¹sed
942 1842 991 1913 ci-

87 1958 173 2031 vium
186 1958 420 2032 benevolentia
431 1986 549 2059 corpus
562 1960 660 2032 suum‘
674 1960 817 2044 tuendo,
833 1964 990 2060 potestate

87 2104 154 2163 rex,
172 2078 340 2151 beneficiis
356 2078 532 2178 populatis.
553 2079 644 2151 Tam
657 2080 738 2178 juste
754 2080 845 2151 enim
860 2088 895 2153 δι
910 2107 992 2180 prae·

28 2235 29 2238 ¹
87 2199 163 2272 clare
183 2200 353 2273 civitatem
366 2199 623 2301 administrauit,
639 2223 675 2272 ut
690 2200 790 2272 etiam
804 2200 905 2275 hodie
918 2211 990 2301 eJus

28 2325 29 2378 ἒ
86 2319 339 2393 mansuetudinis
359 2321 531 2420 vestigium
551 2321 588 2394 in
612 2322 728 2409 nostris
747 2320 991 2419 motibus-reli·

87 2468 183 2540 quum
197 2439 485 2515 animadvertatur.

343 2569 480 2636 Rediens
495 2570 541 2637 ad
556 2566 723 2637 Helenam.

28 2677 29 2736 l
133 2695 214 2766 Eam
227 2693 329 2793 igitur
347 2719 418 2790 quae
434 2692 571 2771 &Jove
587 2716 664 2763 nata
677 2702 748 2781 ,·.&
764 2714 860 2767 tanta
876 2694 991 2769 virtuti

28 2805 29 2808 ¹
87 2842 119 2886 ac
136 2808 301 2916 sapientiae
326 2814 497 2885 dominata
515 2814 586 2898 est,
611 2840 725 2887 nonne
746 2814 871 2888 laudari
895 2814 990 2889 deret

86 2957 176 3031 atque
186 2933 368 3017 honorari,
391 2932 555 3033 longe'que
572 2934 727 3007 anteferri
739 2934 893 3009 omnibus
910 2964 989 3009 orn-

72 3052 173 3126 vnium
190 3077 323 3127 attatum
341 3054 557 3127 mulieribus?
582 3055 615 3125 N
618 3082 654 3126 ec
667 3056 767 3128 'enim
790 3059 904 3131 testem
921 3056 987 3131 fide

86 3175 290 3276 digniorem,
306 3201 414 3273 neque
433 3174 577 3273 judicem
593 3176 697 3277 magis
711 3176 873 3250 idoneum
886 3178 989 3251 virtu-

85 3319 149 3370 turn
160 3324 275 3369 earum
285 3296 404 3395 quibus
414 3296 544 3369 Helena
556 3296 689 3397 praedita
698 3295 987 3397 fuit,qumehe-

86 3416 127 3489 sei
139 3442 288 3490 mentem
300 3469 311 3501 ,
329 3414 490 3489 adducere
503 3416 668 3516 possimus.

112 3536 986 3637 ·'Neveropropt'erinopiamimmorarieodemloco,

89 3683 139 3731 aut
159 3660 222 3733 viti
247 3661 342 3731 uriius
368 3658 411 3732 ad
433 3657 741 3734 hanc-laudandam
765 3656 855 3731 abuti
885 3658 989 3759 glorid

142 3767 145 3772 ⁵
184 3785 281 3855 Tome
293 3784 361 3857 IL·
773 3878 778 3886 1
811 3784 842 3853 Ζ
932 3834 935 3838 -
