2750 4742
164 344 165 353 ι
205 328 511 422 for-anor
548 330 822 411 onnrro.
909 347 971 429 ιιι

89 478 147 553 verb
155 480 301 579 justitiam
315 481 664 582 publicdeoleremui,
684 482 769 557 ditm
789 510 896 585 opem·
907 482 974 557 fer-

32 674 34 703 5
89 624 172 671 remus
188 600 362 701 oppressis,
384 601 466 675 dum
489 602 574 675 nihil
595 602 742 676 alienum
763 604 974 705 concupisce·

88 745 188 806 ternus,
204 724 308 795 Graeci
321 724 540 825 principatum
552 723 649 796 nobis
663 724 750 796 ultrb
761 725 967 799 detulerunt:

32 922 33 927 ἵ
87 832 972 949 ιιιοιιιιιιιιίιιιιιιιίοιιιδιἰιιιοιιίίἀειιιιὲιιίιιιίιάοιιςο

85 965 135 1058 jam
148 985 288 1063 ternpore
301 966 556 1049 contemnimus.

122 1086 173 1157 111.
192 1084 344 1181 Quidam
359 1112 470 1171 autem
486 1090 526 1161 eb
542 1085 718 1171 dementiae
733 1113 917 1175 venerunt,
938 1115 975 1163 ut

32 1300 33 1303 ¹
85 1204 245 1287 existiment
258 1207 450 1307 injustitiam
454 1207 657 1354 probrosam
668 1208 806 1307 quidem
818 1208 904 1295 esse,
918 1208 976 1285 sed

32 1334 34 1379 ὲ
86 1322 300 1432 quaestuosam,
317 1338 352 1403 dc
375 1328 410 1401 in
430 1329 497 1403 vita
481 1328 712 1427 quotidiana
727 1330 868 1427 utilem3
887 1331 977 1429 justi

32 2034 34 2099 i

85 1448 151 1519 tiam
169 1451 244 1521 verb
267 1446 469 1537 laudabilem
484 1448 643 1551 quidem,
666 1473 699 1521 at
714 1449 867 1522 inutilem
885 1452 948 1524 effe
958 1504 971 1537 ‚

83 1550 141 1641 aliis
131 1598 197 1669 sque
214 1572 320 1673 magis
335 1570 484 1677 prodeffe
502 1570 592 1675 posse
608 1572 713 1675 qudm
730 1573 800 1673 ipsa
784 1572 973 1674 praeditis.

83 1678 194 1765 Verum
202 1692 252 1767 isti
265 1720 335 1787 non
347 1692 536 1793 intelligunt
552 1690 666 1805 qubd,
685 1718 794 1793 neque
807 1692 850 1765 ad
859 1712 978 1796 paran-

84 1810 128 1883 das
136 1840 226 1913 opes
242 1813 404 1913 nequead
415 1812 556 1914 gloriam
567 1810 855 1911 consequendam,
868 1840 978 1913 neque

84 1930 278 2006 drem
194 1932 278 2007 ben
283 1932 486 2080 gerendam,
500 1960 559 2006 nec
569 1933 714 2032 demque
722 1932 980 2020 adfelrcrtatem,

86 2032 152 2123 nihil
166 2054 304 2127 omninb
323 2052 450 2143 tantam
465 2054 534 2127 vim
549 2046 720 2141 conferat,
740 2080 897 2154 quantam
912 2056 980 2130 vir-

86 2195 128 2244 tus
138 2182 261 2275 ejusque
275 2199 391 2277 parre&
418 2176 540 2249 Eorum
553 2174 643 2249 enim
653 2174 821 2249 bonorum
832 2202 896 2278 ope
905 2204 977 2275 quae

32 2291 223 2389 habemus
240 2296 428 2381 inanimo,
448 2322 486 2369 ea
508 2297 609 2369 e'tiam
626 2324 776 2397 paramur
797 2295 977 2370 commoda

86 2415 186 2512 quibus
207 2414 404 2516 indigemus
434 2418 547 2509 Qua-ru
564 2442 622 2515 qur
612 2416 732 2490 suam
751 2430 900 2491 mentem
915 2444 977 2489 ne

32 2536 248 2659 gliguntj
239 2540 264 2611 ri
282 2564 353 2611 non
368 2534 638 2611 animadvertunt
651 2539 684 2611 se
698 2538 793 2611 umal
810 2538 977 2639 negligere

32 2614 34 2805 ζ
87 2658 264 2753 quomodo·
259 2668 307 2733 &
334 2658 451 2731 medius
476 2657 619 2732 sentiant
649 2668 684 2732 δι
710 2656 835 2730 felicius
865 2659 978 2733 vivant

32 2796 171 2873 quam
182 2780 290 2854 ceteri,
313 2780 426 2879 Atque
439 2779 523 2851 adeb
538 2780 641 2855 miror
658 2776 723 2853 effe
736 2805 795 2878 qur
784 2778 978 2853 arbitretur

87 2921 132 2969 eos
140 2900 199 2998 qui-
204 2901 361 3000 pietatem
376 2908 411 2973 &
424 2900 579 2999 justitiam
588 2898 901 2999 exercent,.quiqrie
914 2926 979 2973 vo-

86 3018 145 3101 lunt
154 3022 357 3121 perfieverare
366 3027 402 3095 in
412 3023 451 3095 iis
461 3032 496 3096 δι
506 3048 639 3097 manere
648 3021 981 3118 firmiter,deteriore

32 3208 33 3213 ,
86 3142 261 3215 conditione
279 3142 352 3215 fore
375 3142 475 3242 qudm
496 3142 692 3243 improbos,
714 3168 775 3214 nec
795 3142 831 3213 in
853 3150 979 3241 majore

32 3256 33 3277 ὲ
141 3255 151 3305 ζ
467 3273 469 3281 ι
575 3270 578 3277 ·
629 3280 632 3285 .

32 3390 34 3427 r
87 3357 496 3437 τιςιάιὐιιει’ὲάτιςιῖς....

32 3518 34 3527 .
128 3449 170 3540 [l.
192 3488 226 3542 15
247 3476 275 3528 ει
293 3452 372 3547 ι6.]
396 3466 454 3527 Hic
472 3486 547 3548 patet
570 3464 648 3547 quod
667 3464 823 3525 videbimus
848 3466 933 3523 etiam
950 3466 979 3522 in

32 3540 37 3635 i
88 3564 242 3647 Panegyrico
257 3614 266 3640 ,
282 3569 414 3626 virtutem
429 3566 444 3625 ὲ
458 3566 558 3651 Graecis
577 3566 609 3624 in
622 3562 713 3644 plures
729 3579 818 3641 partes
830 3561 917 3622 dividi
929 3560 980 3622 so-

32 3662 40 3727 ἶ
89 3656 154 3737 lere,
168 3656 284 3745 quarum
299 3662 411 3755 fingulae
429 3666 541 3727 virtutes
560 3678 638 3723 erant
650 3680 787 3743 unapars.
823 3694 844 3711 ·.

32 3738 34 3835 i

32 3838 33 3865 i
94 3832 98 3865 .’

32 3868 34 3913 i
