2750 4742
246 263 518 346 rvroorur
551 269 855 349 rrunrrm.
900 365 902 371 s
942 290 1005 370 ιρι

102 408 230 489 Verium
242 440 380 516 utraque
394 417 461 492 haec
475 444 534 518 per
542 444 586 491 ea
595 446 668 519 quae
679 418 879 518 sequuntur,
894 420 1011 497 diluci-

99 534 175 609 dius
185 536 653 616 arbitror-medecinam

141 703 239 790 >Nam
254 732 359 803 quum
374 729 423 777 rot
439 706 596 779 omnibus
610 707 814 808 temporibus
831 734 922 810 reges
935 709 1009 783 fue-

101 819 187 909 rint,
206 852 307 897 nemo
320 815 506 926 reperietur
522 828 581 926 qui
603 827 766 900 honorem
786 830 911 929 regium
935 830 1012 930 pul-

98 946 207 1018 chrius
227 948 330 1045 quim
352 948 406 1020 hic
429 948 643 1048 acquisrverit.
669 949 775 1042 Quid
794 950 817 1021 sr
839 976 889 1023 rer
908 953 1010 1051 gestas
1039 1004 1042 1016 ·

98 1068 254 1167 Evagorae
265 1097 344 1141 cum
363 1070 495 1171 singuiis
512 1070 648 1143 illorum
666 1068 762 1143 farris
780 1072 1011 1159 conferamus,
1083 1074 1086 1081 ’

97 1186 210 1262 forsan
224 1192 504 1265 nec-audientibus
517 1192 626 1265 orario
635 1192 795 1292 placeret,
809 1220 918 1291 neque
930 1217 1012 1267 tem·

97 1313 212 1411 pusiis
223 1341 295 1411 quae
305 1308 491 1387 dicerentur
502 1312 743 1388 sufficeret.'Sin
751 1316 1010 1414 praestantiffimir

26 1445 27 1448 ’
96 1434 284 1533 quibusque
299 1433 453 1520 seleuis,
472 1434 636 1534 cumillis
658 1437 906 1537 comparatione
925 1436 1011 1512 farri

94 1554 187 1627 hunc
206 1556 414 1641 intueamur,
433 1580 469 1631 ut
489 1554 597 1629 nihilo
616 1557 709 1657 pejus
729 1556 762 1630 se
781 1557 918 1630 habebit
937 1557 1010 1633 lau·

95 1677 191 1751 datio
214 1682 344 1765 nostra,
374 1680 420 1752 iti
440 1680 571 1753 minore
595 1678 799 1781 compendio
819 1704 869 1753 res
899 1678 1009 1755 absol·

95 1823 203 1872 vetur.
410 1900 417 1913 ι

144 1944 192 2016 Ex
202 1943 243 2017 iis
254 1943 354 2044 igitur
363 1942 422 2043 qui
432 1942 535 2045 patria
546 1966 646 2045 regne
655 1944 883 2045 susceperunt,
899 1947 1009 2044 ecquis

96 2066 254 2165 Evagorae
268 2064 411 2164 pericula
429 2090 499 2137 uon
514 2060 714 2139 anteferret?
733 2064 767 2135 N
768 2090 846 2139 emo
859 2066 951 2139 enim
963 2068 1010 2141 iu

98 2185 208 2259 socors
227 2185 418 2285 &ignavus
440 2186 486 2257 est
505 2184 564 2282 qui
591 2184 770 2285 imperium
790 2184 808 2257 i
830 2186 1010 2285 majoribus

98 2306 252 2379 maluerit
271 2308 444 2404 accipere,
468 2305 569 2403 quim
591 2303 702 2395 sandi&
719 2328 875 2404 parturn,
897 2330 933 2379 ut
954 2306 1011 2381 ille

98 2425 199 2519 fecit,
219 2425 330 2499 liberis
345 2425 409 2499 suis
426 2424 623 2526 relinquere.

107 2638 113 2644 ·
147 2598 200 2669 Ac
213 2595 443 2670 inter'veteres
457 2594 594 2695 quidem
609 2596 706 2696 patrii
726 2596 821 2697 regni
840 2618 1012 2697 recupera·

101 2717 229 2803 tiones,
251 2744 296 2791 eae
312 2716 455 2790 maximi
473 2715 678 2793 celebrantur
695 2742 774 2815 quus
792 2716 811 2787 i
827 2717 933 2817 poetis
951 2746 1012 2791 au·

100 2839 220 2912 dimus.
244 2838 292 2909 Hi
318 2836 409 2909 enim
431 2833 529 2909 nobis
549 2861 622 2909 non
646 2834 755 2909 solum
778 2835 1011 2936 pulcherrimas

39 3037 43 3043 ,
101 2960 307 3061 superiorum
325 2985 514 3060 temporum
530 2984 821 3046 commemorant,
843 2958 960 3037 veuim
975 2966 1012 3038 δε
1115 3028 1117 3055 ,

100 3082 160 3184 ipsr
172 3084 232 3157 suo
247 3083 385 3185 ingenio
398 3107 500 3157 novar
516 3080 822 3157 comminiscuntur.
835 3084 870 3155 N
871 3110 949 3157 emo
962 3106 1010 3163 ta·

100 3234 181 3281 men
191 3233 308 3292 eorum
318 3206 363 3280 de
376 3204 445 3279 ulio
455 3199 693 3292 fabulatusest,
706 3206 765 3304 qui
774 3230 832 3306 per
844 3205 911 3277 tim
923 3229 1012 3291 atro·

100 3330 152 3404 cia
166 3338 202 3403 &
219 3326 385 3403 horrenda
399 3328 541 3429 pericula
559 3328 595 3402 in
616 3354 756 3428 regnum
777 3324 932 3401 redierit:
953 3323 1011 3399 sed

104 3652 110 3657 .
153 3580 197 3672 [l.
221 3581 298 3675 25.]
322 3582 596 3679 Mruuuouo‘yumr
612 3590 671 3657 sub.
684 3582 759 3686 moi
770 3586 860 3661 river·

521 3694 524 3698 ’
789 3696 823 3768 Τ
843 3695 867 3794 ij
