2750 4742
200 310 289 387 DE
324 312 483 389 PACE
515 313 784 394 ORATIO.
885 318 960 396 arf

68 456 177 543 sissent,
187 466 223 533 &
234 459 270 531 in
280 458 439 533 adeundis
448 487 508 561 pro
517 460 642 535 Graecid
649 462 803 563 periculis
817 462 963 564 primum

68 580 150 653 ferret
158 577 360 655 fortitudinis
371 582 565 681 praemium,
582 605 776 682 tantamque
789 582 849 657 stbi
860 584 964 659 fidem

69 701 267 807 adjungeret,
288 726 325 779 ut
342 702 513 779 civitatum
537 703 686 805 plurima
706 704 825 807 seipsas
845 706 963 807 spontd

68 822 118 897 illis
130 823 301 898 traderent.
322 827 361 897 ln
376 808 526 929 praesenti
537 852 648 901 autem
662 854 773 901 rerum
788 831 889 916 statu,
902 856 963 931 pro

70 945 332 1020 administratione
349 947 406 1020 illd
420 948 507 1049 apud
522 974 641 1021 omnes
654 949 833 1035 celebrati,
849 951 963 1024 dorni-
991 992 998 1003 ·

71 1090 145 1171 natus
155 1068 209 1141 iste
219 1068 254 1139 in
266 1094 340 1141 eam
347 1068 637 1171 intemperantiam
649 1099 710 1146 nos
720 1072 853 1173 impulit
863 1100 965 1173 quam

72 1192 241 1265 mortalium
261 1218 364 1265 nemo
384 1184 592 1279 laudaverit,
617 1203 652 1268 &
673 1194 719 1267 itd
733 1196 821 1269 cives
836 1198 963 1269 nostros

73 1312 208 1398 instituit,
225 1337 263 1386 ut
277 1314 335 1413 qui
346 1313 435 1415 priris
457 1342 513 1389 eos
532 1316 680 1389 vicerant
699 1314 718 1389 d
736 1316 855 1414 quibus
873 1314 965 1389 bello

75 1459 260 1533 peterentur,
281 1438 370 1509 exttd
388 1438 512 1510 moenia
533 1437 570 1508 in
589 1438 804 1539 conspeetum
821 1437 966 1511 hostium

76 1583 104 1628 ne
115 1553 238 1657 prodire
254 1557 391 1657 quidem
405 1558 574 1631 auderent.
590 1560 654 1629 Pro
665 1556 900 1643 benevolentias
910 1585 967 1631 au-

77 1701 127 1749 rem
141 1677 189 1749 illa
208 1705 312 1777 quam
330 1677 458 1751 dsociis'
477 1678 526 1751 illi
547 1677 758 1764 habuerunt,
781 1686 893 1779 &pro
910 1676 967 1751 illd

78 1800 288 1875 existimatione
304 1801 339 1874 in
351 1800 415 1901 qud
425 1800 513 1901 apud
527 1824 651 1875 ceteros
662 1804 795 1875 Graecos
810 1799 966 1888 fuerunt,

79 1918 240 1994 dominatus
257 1922 349 1996 idem
368 1946 497 1995 tantum
515 1922 611 1995 nobis
627 1922 746 1996 odium
765 1922 969 2009 concitavit,

80 2066 102 2113 ut
113 2042 219 2143 pariam
236 2042 358 2116 abesset
368 2042 452 2142 quin
466 2041 541 2115 urbs
554 2041 813 2129 exscinderetur,
827 2042 887 2116 nist
898 2046 967 2116 La-

82 2160 294 2251 cedamonios,
313 2188 440 2238 veteres
457 2164 583 2251 hostes,
597 2164 887 2240 benevolentiores
903 2164 965 2237 ha·

79 2282 227 2361 buiffemus
240 2287 340 2387 qudm
349 2312 406 2360 eos
417 2282 564 2386 quisocii
574 2287 676 2366 nostri
686 2286 817 2388 pridem
826 2284 965 2358 fuerant.

84 2408 149 2498 Quos
158 2420 227 2509 jure
237 2409 385 2483 accusare
393 2435 463 2495 non
475 2406 640 2509 possumus
652 2406 744 2507 quod
755 2406 838 2480 adeo
848 2404 968 2479 infensi

85 2529 151 2603 nobis
165 2530 298 2605 fuerint.
317 2532 397 2603 Non
409 2530 500 2603 enim
512 2530 582 2604 vim
594 2528 680 2601 ultro
693 2526 895 2612 inferentes,
909 2525 967 2598 sed

85 2648 178 2725 illatam
205 2652 461 2755 propulsantes,
487 2659 523 2725 δι
550 2649 654 2723 multa
681 2648 859 2750 graviaque
880 2628 972 2720 anaia=

87 2776 214 2871 perpessi,
241 2773 320 2847 tales
344 2773 422 2874 etgd
448 2798 509 2845 nos
536 2772 666 2843 animos
688 2768 919 2869 condeperunt.
951 2789 955 2796 ¹

119 2896 188 2985 Quis
200 2895 294 2969 enirn
310 2916 439 2995 patrum
453 2894 639 2965 nostrorum
650 2887 865 2992 pemlantiam
881 2890 968 2963 tose-

90 3014 176 3092 trset?
197 3020 257 3117 qui
278 3040 494 3117 congregatos
510 3042 550 3088 ex
564 3012 716 3089 universd
729 3013 855 3087 Graecid
871 3013 967 3113 igna-

90 3136 198 3215 r'tffiroos
214 3139 383 3242 quosque,
399 3166 435 3213 ac
448 3138 544 3211 oumi
561 3162 681 3237 genere
695 3135 897 3236 flagitiorum
909 3135 965 3205 in-

93 3360 115 3420 de
126 3366 222 3429 Athenis
239 3366 325 3427 fieret.
349 3364 477 3426 Thebani
496 3362 680 3424 &Corinthii
696 3359 843 3421 censebant
854 3381 901 3420 eas
913 3376 977 3419 ex·'

94 3457 218 3526 scindendas
236 3462 308 3526 esse:
324 3461 528 3535 Archidamus,
546 3460 822 3522 Lacedaemoniorum
835 3480 899 3531 tex,
915 3478 966 3515 ne·

95 3563 149 3637 gavit
165 3562 187 3624 se
208 3560 416 3625 commissurum
435 3578 466 3620 ut
487 3561 591 3619 Gtaecia
614 3557 693 3617 fieret
723 3545 966 3639 ἱτερέφθαλμοςς

96 3658 149 3735 nius
161 3681 221 3725 uuus
234 3662 330 3725 oculus
343 3668 439 3747 Sparta
452 3652 535 3733 esset,
551 3657 621 3727 alaet
632 3653 765 3735 Athenae,
811 3676 815 3684 ’
