2750 4742
213 342 821 428 ousrm'msrrnortro.
913 380 982 455 ,μς

126 494 261 596 Optime
277 519 389 571 aurem
406 495 579 601 perspicies
592 499 693 599 qudm
710 500 803 574 stulte
818 502 877 574 ista
887 503 984 602 *dieta

87 610 217 703 suerint,
240 618 265 691 sr
289 618 332 692 ad
354 618 496 720 reipsum
517 646 556 695 ea
573 620 729 695 retuleris.
754 624 880 723 Cogita
892 626 984 696 enim

34 760 36 805 t
86 737 122 823 fi,
134 738 174 813 de
186 741 314 841 magnis
330 749 366 815 δι
378 739 512 815 nefariis
529 740 723 815 criminibus
741 743 924 829 accusatus,
941 736 984 817 ad

84 862 176 934 istum·
186 862 328 937 modurn
345 862 387 937 ab
404 862 516 963 aliquo
533 862 750 938 defenderem
762 918 774 951 ‚
788 892 890 965 quem
907 889 984 937 tan·

85 982 153 1055 dem
165 983 317 1057 animum
331 984 460 1059 habeas.
481 984 647 1085 Equidem
662 984 731 1059 scio
749 1010 782 1059 te
796 988 848 1059 isti
863 986 983 1059 desen-

85 1102 140 1177 sori
157 1102 262 1175 muirb
277 1103 492 1179 infensiorem
503 1104 670 1195 futurum,
691 1105 791 1205 quim
807 1106 880 1207 ipsis
893 1135 986 1181 actu,

84 1223 239 1297 sarotibus.
270 1225 329 1299 An
351 1228 430 1301 verb
456 1252 549 1327 turpe
571 1254 640 1299 non
662 1232 709 1303 est
732 1230 778 1301 itd
802 1228 983 1303 defendere

86 1345 172 1431 alios,
187 1346 476 1451 quemadmodum
490 1372 522 1421 re
537 1346 675 1423 defendi
691 1350 836 1424 maxime
852 1349 985 1423 succen-

86 1464 157 1541 seres
167 1473 191 1543 ?.
205 1534 208 1547 .

126 1754 209 1829 Illud
218 1782 354 1857 quoque
364 1756 537 1846 tonsrdera
554 1767 590 1832 &
610 1757 698 1859 apud
717 1758 869 1831 animum
890 1782 984 1835 tuum

88 1877 261 1981 perpende,
283 1878 308 1953 si
332 1878 404 1977 quis
425 1903 559 1953 tuorum
583 1877 799 1953 familiarium
821 1881 934 1954 induci
950 1866 986 1955 se

89 2022 235 2097 pareretur
260 2001 304 2081 ed
334 2029 372 2077 ea
391 2000 544 2075 facienda
565 2030 635 2101 quae
657 2026 693 2076 tu
715 2003 847 2089 laudas,
871 2030 986 2076 annon
1040 2013 1043 2019 '

89 2118 272 2195 miserrimus
298 2121 376 2195 effer
397 2123 552 2195 omnium
576 2123 633 2222 qui
657 2149 746 2195 nunc
771 2122 847 2197 sunt
868 2133 904 2198 &
925 2124 986 2222 qui

89 2242 387 2341 unquam-fuerunt?
410 2244 563 2318 Decerne
572 2245 671 2345 igitur
684 2244 849 2344 ejusmodi
860 2245 987 2318 oratio·

89 2386 136 2435 nes
149 2364 372 2451 conseribere,
389 2392 530 2466 quarum
542 2364 578 2440 id
592 2365 760 2447 summum
775 2362 907 2439 bonum¹
924 2366 982 2451 stt,

89 2479 169 2556 stuli
179 2486 368 2560 auditorum
378 2485 462 2557 nihil
475 2484 667 2586 persuadere
678 2487 820 2587 possint?

127 2796 239 2871 Forsan
250 2822 361 2871 autem
372 2796 529 2871 dicetnec
540 2796 616 2901 reid
628 2796 788 2882 fefellisse,
799 2798 982 2872 sedlirrera·

88 2918 120 2989 ris
129 2920 199 2994 viris
210 2921 395 3021 relinquere
406 2918 543 2995 voluisse
552 2919 742 3019 exemplum
753 2971 764 3005 ,
777 2920 842 3020 qud
852 2921 980 2994 ratione

88 3064 222 3137 oporteat
237 3040 330 3113 forda
347 3040 485 3113 crimina
502 3065 640 3141 purgare
655 3048 691 3112 δι
709 3040 817 3112 causas
830 3039 980 3122 difficiles

89 3162 168 3233 tueri.
188 3163 319 3239 Verdm
337 3162 361 3235 st
382 3160 470 3263 priris
495 3161 693 3262 ignorabat,
713 3188 801 3234 nunc
814 3161 930 3234 saltem
949 3185 982 3235 te

86 3279 263 3359 ntellex'rffe
281 3283 442 3369 arbitror,
462 3284 567 3357 multb
584 3282 710 3356 faciliirs
731 3282 917 3356 absolutum
940 3284 983 3365 iri

88 3402 218 3503 aliquem
230 3408 252 3481 st
263 3409 405 3481 omnino
421 3406 540 3480 dixerit
556 3404 658 3490 nihil,
675 3406 776 3503 quim
786 3403 809 3475 st
820 3431 861 3477 eo
874 3403 980 3477 modo

86 3522 114 3595 se
128 3525 309 3603 defenderit
323 3556 391 3628 quo
409 3524 445 3601 ru
454 3526 637 3601 Busiridem
650 3525 835 3599 defendisti.
855 3527 932 3604 Jam
944 3535 981 3599 δε

87 3642 158 3722 illud
178 3650 386 3727 manifestum
406 3651 474 3739 est,
499 3676 603 3747 quum
618 3648 722 3721 studia
747 3645 928 3720 litterarum
946 3647 981 3723 in
