2750 4742
289 333 827 418 PANATHENAICUS.
954 359 1020 437 577

105 486 188 560 tutis
206 490 391 562 constanter
413 510 591 562 urerentur.
621 489 702 564 Haec
723 514 834 561 autern
855 485 945 572 dixi,
961 511 1022 559 nec

93 609 153 684 ed
174 611 356 710 pietatem,
379 635 441 684 nec
464 609 508 684 ad
529 609 709 710 justitiam,
727 636 790 683 nec
813 607 856 682 ad
878 608 1023 709 pruden-

105 729 192 804 tiam
205 732 404 832 respiciens,
420 759 501 832 quas
521 755 557 805 tu
570 732 707 806 virtutes
723 731 951 832 percensuisti3
966 729 1024 803 sed

101 851 152 924 ad
169 852 334 952 gymnasta
352 853 401 925 ibi
414 875 568 952 recepta,
586 852 628 924 ad
645 852 913 924 exercitationem
928 850 1026 925 forti·

103 973 253 1070 tudinis,
268 975 311 1048 ad
325 974 559 1059 concordiam,
575 1000 642 1046 uno
654 972 759 1048 verbo
768 972 812 1045 ad
822 973 966 1048 sardium
979 974 1027 1047 rei

101 1093 259 1170 militatis
273 1096 451 1196 singulare:
474 1123 546 1195 quae
559 1121 677 1168 omnus
695 1104 732 1170 &
747 1094 854 1196 perse
876 1097 1028 1195 preclara

81 1313 83 1315 Ι
101 1216 248 1318 &apud
262 1217 336 1290 illos
350 1215 548 1290 ufitariffima
562 1214 626 1290 effe
640 1215 815 1289 fateantur.

158 1337 247 1412 Huic
262 1337 348 1412 illius
361 1337 519 1439 responso
532 1338 705 1439 acquievi:
728 1365 798 1410 non
814 1338 907 1442 quiid
923 1338 1029 1413 ullum

100 1443 324 1534 ‘accusationis
337 1487 419 1535 meae
434 1486 531 1562 caput
540 1461 707 1558 diluiffet3
723 1462 781 1534 sed
794 1461 940 1561 qubdpea
954 1489 1030 1560 ‘quae

107 1583 221 1683 primu
234 1583 402 1686 superbitis
416 1584 505 1658 dicta
525 1583 656 1659 fuerant
672 1583 871 1668 occultaret,
887 1611 959 1658 non
975 1583 1030 1679 in·
1042 1623 1058 1661 .·
1078 1650 1084 1662 .

110 1703 259 1789 erudite,
277 1730 310 1778 at
322 1705 505 1807 sapienter,
520 1716 555 1780 &
569 1729 675 1780 cetera
689 1705 887 1782 defendiffet
898 1704 1031 1810 mades-

109 1824 176 1898 titis
193 1826 295 1926 quim
308 1826 402 1928 priris
414 1826 571 1927 jactaffet.

252 1974 373 2048 Irenim
385 1978 502 2068 refluat
513 2001 624 2050 orator
633 1977 891 2050 Philolacunem.

166 2125 213 2192 1⁰.
224 2121 502 2206 Verumtamen,
524 2146 561 2196 ut
576 2120 660 2194 illud
673 2121 888 2208 omitterem,
903 2147 960 2196 me
971 2121 1030 2194 ha-

106 2239 190 2315 bete
200 2231 353 2316 dicebam
362 2269 418 2318 cur
432 2243 489 2316 illa
501 2243 571 2344 ipsa
581 2244 681 2344 longe
691 2243 822 2344 gravius
832 2244 933 2343 quim
942 2242 1031 2318 fura-

108 2364 246 2438 citatem
255 2390 434 2464 puerorum
443 2365 639 2462 accusarem.
655 2365 1031 2466 Quippe,inquiebem,

108 2483 178 2556 illis
192 2484 303 2557 studiis
318 2484 394 2558 suos
409 2484 566 2560 duntaxat
586 2485 710 2560 liberos
722 2510 957 2586 corruperunt:
980 2487 1032 2558 his

110 2606 195 2677 verb
217 2631 288 2703 quae
312 2629 347 2678 tu
369 2605 474 2678 modi)
492 2607 759 2686 commemorasti
771 2593 903 2709 Graecos
919 2606 1031 2706 perdi-

110 2723 245 2828 derunt.
277 2728 382 2822 Quod
405 2705 451 2799 iti
470 2726 534 2801 effe
547 2726 642 2802 facile
655 2728 857 2832 perspicitur.
875 2729 1032 2802 Existimo
1109 2757 1112 2762 ·

109 2849 229 2934 enim,
247 2847 450 2924 confeffione
466 2852 644 2936 omniurn,
662 2851 926 2951 peffimos.vitos
945 2848 1031 2936 effe,
1144 2879 1147 2884 ’

109 2971 277 3072 poenique
298 2969 482 3072 gravissimi
500 2971 640 3073 dignos,
659 2973 718 3071 qui
731 2999 782 3045 tes
796 2972 838 3059 ad
852 2972 1031 3045 hominum

108 3089 252 3166 salutem
274 3093 450 3177 inventas,
469 3092 513 3165 ad
535 3093 676 3165 aliorum
691 3092 873 3192 perniciem
888 3119 1032 3167 conver·
1120 3142 1125 3158 ι

109 3239 210 3300 tunt,
226 3223 262 3287 &
274 3215 313 3286 iis
324 3237 461 3288 utuntur
473 3239 582 3312 neque
596 3213 710 3285 contri
724 3213 907 3300 Barbaros,
920 3240 1032 3314 neque

85 3335 228 3410 'contra
250 3337 368 3436 injuste
387 3362 545 3437 agentes,
569 3363 678 3436 neque
698 3337 813 3410 contri
832 3342 899 3411 eos'
911 3339 969 3437 qui
995 3340 1033 3411 iu

166 3575 210 3670 [l.
232 3554 289 3674 7.]
313 3544 503 3678 valgsdmp
527 3578 657 3660 oi'utav'itt
676 3578 715 3655 air
736 3577 867 3665 ὄπυιεν,
891 3586 938 3653 hic
958 3583 1032 3654 cett&

110 3690 189 3752 deest
202 3691 332 3773 aliquid,
350 3713 405 3776 ego
419 3671 564 3771 rddidii'b
576 3689 710 3772 μέγιςιι.

218 3800 315 3870 Tome
336 3799 386 3869 ΙΙ.
810 3790 846 3863 O
863 3817 885 3862 o
