2750 4742
301 276 832 369 niurrnuunrcus
951 308 1017 377 445

112 423 272 499 omnibus
288 427 347 525 qui
364 424 551 527 ptaecellunt
564 426 672 525 aliqua
688 427 742 500 vel
754 425 886 500 scientis
900 428 953 502 vel
971 428 1034 501 fa?

111 542 247 617 cultate.
269 546 463 631 Novi'enim
479 554 514 619 &
528 572 568 617 ex
585 546 645 617 isto
662 572 781 647 genere
796 547 941 634 multos,
963 550 1021 647 qui

112 654 227 759 neque
243 663 314 738 suas
328 691 376 737 res
389 665 492 764 probe
503 663 687 765 gesserunt,
708 693 815 765 neque
835 667 870 737 in
889 668 1023 766 privaris

18 862 19 867 ἵ
111 784 337 883 congressrbus
348 783 479 886 possunt
491 786 641 871 tolerari,
661 796 888 860 &ceterorum
899 787 1023 860 civium

110 901 290 1003 negligunt
304 904 445 1001 judicia,
469 914 503 979 δι
523 905 592 977 aliis
610 894 720 977 multis
735 916 771 980 &
789 907 915 1006 magnis
934 908 1043 981 vitiis-

110 1023 296 1097 abundant.
316 1028 527 1125 Quapropter
539 1052 581 1097 ne
601 1027 660 1099 hos
679 1028 816 1126 quidem
832 1026 972 1099 arbitror
981 1027 1021 1098 iis

18 1220 19 1231 p
109 1142 249 1217 dotibus
265 1143 327 1217 effe
340 1145 492 1247 praeditos
504 1145 545 1218 de
558 1146 675 1245 quibus
689 1172 752 1247 ego
765 1145 892 1219 dissero.
979 1141 985 1153 ’

158 1414 215 1497 4⁰.
246 1406 421 1513 Quasnam
447 1408 546 1509 igitur
576 1435 716 1487 numero
740 1410 825 1482 inter
849 1410 1017 1497 eruditos,

110 1518 298 1625 quandbd&
310 1530 411 1613 artes,
426 1537 462 1600 &
473 1527 637 1613 scientias,
651 1538 686 1603 &
697 1527 882 1614 facultates,
893 1532 1020 1633 impro-

108 1648 185 1722 bo?
205 1632 354 1721 Ptimltm
370 1675 426 1722 eos
441 1649 498 1749 qui
514 1651 600 1722 teste
614 1673 747 1722 utuntur
757 1652 898 1750 negotiis
909 1653 1020 1749 quoti·

109 1772 168 1845 die
184 1770 428 1857 incidentibus,
446 1781 480 1845 ὃ(
493 1770 676 1844 occafiones
690 1772 894 1872 modumque
910 1800 1019 1848 rerum

18 1992 19 1995 Ἴ
109 1891 295 1993 prudenter
306 1891 838 1994 animadvertunt,&pletumque
847 1892 882 1965 id
888 1893 1020 1993 possunt

18 2094 19 2107 ἢ
66 2047 70 2055 ·
109 2012 241 2111 assequi
261 2013 352 2112 quod
372 2014 574 2086 utilissimum
597 2016 651 2085 est.
680 2011 813 2085 Deinde
828 2040 883 2085 eos
902 2015 959 2111 qui
973 2014 1018 2087 inl

18 2124 20 2137 i
110 2160 147 2207 ut
163 2134 311 2207 decet&
324 2162 453 2233 aequum
464 2137 527 2217 est,
542 2161 618 2207 cum
631 2134 670 2206 iis
684 2133 839 2207 omnibus
853 2134 1018 2208 versantur
1042 2228 1046 2236 Ι
1068 2180 1071 2185 -

111 2250 313 2355 quibuscum
327 2252 451 2351 aliquid
462 2254 507 2325 rei
519 2252 657 2348 liabent3
670 2254 811 2351 quique,
823 2282 927 2352 quum
938 2255 1019 2327 alio·

108 2399 189 2446 rum
203 2372 413 2444 acerbitatem
428 2382 464 2445 &
482 2362 765 2473 irnputtunitatem
786 2376 883 2470 aequis
901 2356 1017 2448 animis

105 2503 146 2567 ’δι
163 2476 262 2565 facile
277 2493 404 2578 ferant,
426 2493 482 2593 ipfi
496 2494 641 2593 motibus
655 2492 729 2563 sunt
741 2495 840 2590 quim
854 2492 1017 2566 facillimis

109 2624 147 2688 &
161 2613 266 2713 quim
276 2614 537 2686 moderatissimis
549 2615 582 2684 in
597 2614 669 2686 vitae
681 2612 926 2686 consuetudine.
936 2619 1018 2687 Pra-

110 2759 205 2807 terea
219 2760 276 2805 eos
290 2735 346 2832 qui
359 2733 486 2834 semper
499 2733 719 2832 voluptatibus
731 2737 1020 2833 imperant‚1&re·

111 2856 177 2927 bus
194 2854 333 2928 adverfis
346 2882 415 2927 non
430 2854 571 2926 nimitlm
583 2853 795 2955 franguntur,
813 2857 869 2929 sed
883 2859 918 2929 in
931 2858 969 2929 iis
984 2859 1017 2931 se
1038 2856 1044 2935 f
1074 2860 1078 2899 ³

110 2984 238 3077 gerunt
252 2974 388 3047 viriliter
406 2984 441 3047 &
465 2974 553 3073 juxti
578 2998 697 3064 naturae
714 2976 799 3047 illius
815 2976 1017 3076 'dignitatem

109 3106 206 3196 cujus
226 3093 395 3197 participes
412 3096 531 3169 sumus.
561 3099 711 3190 Quartb,
729 3097 820 3195 quod
837 3086 1018 3172 maximum

109 3402 269 3483 judicium,
286 3422 417 3462 mentem.
439 3384 583 3482 ᾗωιτυχῇ
597 3403 668 3487 regit
684 3394 742 3462 *triv
758 3392 873 3486 carptis.
955 3451 958 3457 .

167 3484 180 3576 [
192 3502 211 3559 l.
223 3506 269 3571 '19
286 3508 313 3560 δε
328 3523 380 3565 20.
389 3486 504 3584 ]·Vulg.
514 3492 718 3583 ‘iuoeppo‘lspssss
730 3497 796 3555 dedi·
806 3487 1017 3578 ἔλιφ’ρόἲαίτκξ,
1039 3500 1051 3530 ³
1080 3538 1083 3543 -
1108 3524 1115 3571 '.

110 3594 196 3682 ,juxtb
209 3601 474 3681 Harpocrationrm.
498 3602 594 3689 Quem
607 3596 669 3659 virle
683 3598 713 3656 in
729 3592 921 3689 lianc'vpccm.
1007 3596 1013 3604 '
