2750 4742
241 382 793 460 PANATHENAmuu·
900 410 972 477 439

61 521 110 595 dia
121 530 156 595 δι
168 522 421 603 institutionem
434 528 574 601 aliorum
587 528 740 603 omnium
752 548 918 609 euertere,
934 534 972 600 δι

60 642 178 743 profari
203 674 329 721 omnes
343 649 480 723 delirare
499 672 612 749 prater
630 649 758 748 eosqui
776 672 857 721 mee
870 646 972 720 disci·

59 763 147 863 plinae
163 764 476 869 fuerintparticipes
486 799 493 842 :
505 770 675 843 hisautem
683 770 796 855 duis,
807 766 971 867 quosdam

59 885 141 957 exiis
154 888 215 984 qui
230 888 391 975 aderant,
405 890 423 961 d
435 914 490 963 me
501 888 594 963 fuille
604 889 774 963 alienatos.
796 888 973 981 Quantum

60 1005 150 1105 igitur
174 1006 350 1083 doluerim
369 1036 406 1082 ac
426 1009 484 1082 sim
504 1010 729 1112 perturbatus,
749 1036 853 1109 quum
874 1008 972 1081 audi·

60 1125 165 1199 villem
182 1128 249 1202 hos
273 1131 442 1205 sermones
461 1156 618 1232 tanquam
638 1158 730 1205 meos
748 1130 791 1204 ab
807 1129 972 1229 aliquibus

60 1247 207 1321 admiffos
239 1248 362 1337 fuiffe,
383 1251 527 1325 dicendo
553 1251 711 1351 consequi
736 1278 806 1323 non
831 1248 971 1351 pullum.

60 1368 213 1441 Putabam
229 1371 326 1441 enim
343 1370 387 1442 itd
404 1370 468 1443 elle
484 1395 602 1444 notum
618 1368 795 1453 omnibus,
822 1396 876 1443 me
893 1396 971 1441 cum

60 1486 199 1586 gloriosis
228 1490 360 1565 bellum
383 1518 525 1595 gerere,
552 1492 653 1565 &de
679 1488 807 1591 meipso
836 1489 970 1563 modice

61 1609 107 1681 vel
119 1612 230 1709 potiris
246 1612 406 1687 submisse
421 1613 535 1714 loqui,
552 1637 589 1685 ut
599 1612 728 1684 nemini
742 1638 889 1711 unquam
901 1609 968 1683 suis

61 1730 157 1803 verbis
171 1732 278 1805 talem
296 1734 379 1806 mihi
391 1734 611 1835 arrogantiam
628 1732 800 1833 affingenti
813 1729 894 1829 fides
904 1732 968 1802 ha-

60 1847 191 1923 beretur.
222 1852 368 1926 Atenim
390 1854 486 1927 initio
504 1881 573 1925 non
598 1852 664 1925 line
685 1852 777 1926 causi
797 1852 969 1951 deploravi

63 1996 164 2043 meam
177 1972 431 2059 infelicitatem,
447 2000 518 2073 qux
532 1973 574 2046 ab
591 1973 650 2045 isto
661 1972 837 2046 hominum
848 1957 971 2073 genere

62 2114 145 2175 otta,
170 2094 334 2195 perpetui>
359 2120 415 2166 me
436 2092 544 2175 secuta
573 2097 627 2167 est.
667 2096 746 2167 Haec
770 2072 892 2193 quippe
918 2086 968 2164 est

64 2212 145 2285 causa
159 2223 195 2287 &
211 2215 466 2289 mendaciorum
481 2216 598 2315 quibus
612 2242 685 2289 mea
699 2215 788 2289 fama
806 2214 970 2287 contami-

65 2359 176 2422 natur,
205 2347 243 2411 δε
273 2338 510 2411 calumniatum
536 2346 571 2411 δι
594 2338 758 2434 invidiae3
785 2336 968 2436 eademque

64 2454 178 2529 obstitit
192 2484 237 2531 ne
253 2458 363 2559 paldm
375 2458 418 2531 de
433 2485 488 2531 me
501 2486 562 2559 pro
576 2460 697 2541 merito
709 2484 788 2531 meo
801 2459 846 2530 ital
857 2459 968 2531 existi-

65 2600 184 2663 metur,
206 2602 245 2652 ut
259 2578 304 2651 de
320 2594 375 2652 me
387 2578 508 2651 eodem
525 2579 670 2651 sentiunt
686 2576 837 2678 discipuli
851 2580 967 2653 mei&

67 2692 259 2786 familiares,
278 2698 396 2798 quibus
411 2726 475 2799 ego
487 2700 583 2799 plane
597 2699 781 2800 perspectus
796 2700 878 2774 sum.
896 2704 973 2776 Ve·'

66 2814 131 2889 rlrm
150 2820 217 2893 haec
233 2849 304 2894 non
323 2820 455 2922 poffunt
468 2822 611 2907 mutari,
633 2820 746 2894 sedile
765 2819 969 2919 acquiescere

68 2940 181 3015 necesse
193 2946 240 3016 est
254 2970 325 3043 qua
339 2951 406 3043 jam
419 2942 640 3043 contigerunt.

112 3186 157 3252 2⁰.
180 3185 299 3274 Quum
316 3206 426 3256 autem
440 3183 544 3255 multa
559 3182 644 3255 mihi
657 3181 794 3255 veniant
812 3182 849 3254 in
869 3209 967 3258 men·

69 3316 145 3383 tem,
157 3301 299 3376 incertus
309 3302 381 3375 sum
393 3331 434 3375 an
445 3331 522 3377 vera
532 3304 741 3377 criminando
751 3330 807 3377 eoo
817 3302 969 3379 refellere

70 3414 199 3495 debeam
212 3422 390 3523 quideme
403 3426 561 3524 perpetuo
570 3424 707 3517 mentiri
719 3422 846 3509 solent,
864 3450 968 3525 eaque

73 3543 968 3576 --......................--.........

74 3609 195 3690 loquendi
208 3617 352 3680 inusitatus
365 3642 416 3703 pro
429 3611 684 3703 riv‘lruoe‘luyuprluu.
705 3621 793 3680 Battie
804 3620 873 3707 legit
886 3617 969 3686 clunt-
1013 3605 1016 3611 Ι

75 3702 208 3799 ulam&
220 3718 369 3780 recidendo
380 3714 567 3800 multumt,
640 3764 642 3773 J
706 3800 734 3871 Ε
792 3797 799 3812 .

139 3820 144 3827 ‘
747 3824 824 3874 CIV
