2750 4742
170 372 316 459 nr
355 374 525 459 rtur
564 374 845 455 οιιιτιο
920 352 992 476 ἠς

102 522 153 624 qui
167 519 200 597 in
207 522 318 659 'pravis
332 522 420 595 hisce
436 521 588 597 institutis
601 520 848 623 pennanserint.
865 523 997 623 Siquos
1079 534 1104 563 ¹

30 656 32 671 '
103 645 191 745 igitur
204 646 239 717 in
256 645 296 716 iis
315 642 382 717 fine
400 644 566 745 quibus
534 670 645 719 vivere
660 669 851 745 nequeunt,
873 654 909 719 &
926 672 997 744 qux
1100 672 1105 689 ’

103 792 197 865 magn
209 790 342 851 curant,
358 768 484 839 constet
493 765 656 839 deteriora
667 766 812 867 eligere
827 764 998 865 quidmiri

104 888 143 959 est
154 884 176 959 st
189 884 282 984 quale
294 886 333 959 srr
344 885 443 960 maris
455 886 631 989 imperium
647 878 820 987 ignorant,
834 885 943 985 deque
954 911 997 959 eo

104 1007 192 1082 armis
203 1008 410 1085 contendunt
422 1008 465 1085 de
481 1036 550 1109 quo
561 1034 733 1109 uunquam
749 1034 786 1083 ιιι
804 1034 863 1113 par
875 1010 920 1085 est
935 1033 1000 1083 co·-

103 1128 229 1230 gitatum
244 1128 305 1207 fit?

145 1852 257 1965 Regna
272 1860 355 1936 item
369 1861 479 1938 videte
493 1862 528 1935 in
546 1862 657 1937 liberis
671 1862 856 1940 civitatibus
874 1867 998 1941 consti·

108 1980 166 2058 tuta
175 2036 186 2071 ,
201 1985 301 2087 quim
315 1984 437 2059 multoe
453 1984 596 2059 habeant
612 2012 794 2073 amatores,
811 1996 847 2061 δι
865 2013 921 2059 eos
938 1989 998 2088 qui

107 2108 220 2208 perpeti
230 2108 362 2207 quidvis
375 2134 445 2180 ιιοιι
459 2106 630 2193 recusent,
644 2132 681 2181 ut
697 2135 735 2181 ea
747 2108 817 2209 ipsa
827 2108 1002 2183 obtineant

30 2252 31 2257 ’
108 2229 211 2325 quibus
232 2228 314 2327 quid
334 2228 553 2331 periculorum
563 2281 574 2314 ,
592 2228 674 2327 quid
691 2255 910 2303 erumnarum
929 2256 1001 2303 non

107 2346 199 2421 inest?
217 2350 345 2439 Annon
359 2376 438 2426 mox
457 2349 632 2423 dominatu
648 2346 822 2449 suscepto,
840 2372 891 2423 tot
905 2348 1001 2425 malit
1069 2372 1075 2378 ·

30 2504 32 2549 ι
107 2460 245 2571 impliciti
260 2472 356 2558 sunt,
376 2495 413 2545 ut
430 2496 587 2572 cogantur
607 2498 683 2545 etun
703 2471 858 2546 univetfis
876 2471 1001 2545 civibus

30 2572 32 2605 ³
107 2590 219 2675 bellum
239 2586 375 2693 gerere,
394 2602 428 2667 &
451 2618 508 2685 eos
531 2590 672 2665 odiffei
694 2590 815 2691 quibus
834 2617 905 2664 nou
926 2588 1003 2665 sunt

109 2712 229 2800 offenfi,
245 2726 281 2789 &
299 2716 411 2789 amicis
427 2715 588 2815 sociisque
605 2713 668 2789 suis
685 2712 854 2798 diffidere,
866 2741 904 2786 ac
916 2713 1004 2787 salu-

31 2838 32 2841 ’
111 2860 169 2911 tem
188 2838 280 2912 suam
304 2838 581 2911 mercenariorum
605 2836 752 2911 militurn
773 2834 854 2910 fidei
872 2835 1004 2912 credere

30 2974 31 2987 ¹
112 2939 183 3056 quos
205 2986 376 3059 nunquam
391 2958 569 3044 viderunt,
587 2964 622 3055 ιιι
642 2948 790 3031 custodes
806 2949 879 3031 non
892 2956 1003 3031 minin

30 3132 31 3141 ι
114 3077 277 3153 'formidare
298 3079 398 3180 quim
417 3078 636 3163 insidiatores,
653 3102 752 3177 atque
767 3078 816 3150 iti
825 3076 1003 3179 suspicioso
1065 3056 1069 3064 ’

30 3300 32 3319 ἱ
115 3202 178 3303 ergi
196 3228 313 3277 omnes
333 3200 396 3274 effe
420 3201 557 3287 animo,
579 3225 616 3274 ut
638 3228 715 3274 cum
735 3198 1005 3298 wnjunffiffimit

30 3328 31 3371 f
115 3323 199 3396 etiam
227 3322 310 3397 dum
334 3321 529 3409 versantur,
555 3348 625 3395 non
651 3319 848 3394 confidant?
872 3320 945 3391 Nec
969 3315 1007 3390 id

113 3441 209 3515 ‘sane
201 3443 327 3545 ιιιῙιιιιι.
359 3442 492 3516 Norunt
519 3442 611 3515 enim
633 3466 691 3514 eos
715 3466 774 3537 qur
763 3436 1008 3536 tyrannidem

117 3565 240 3639 antehac
252 3566 472 3667 occuparunt,
490 3564 571 3637 alios
587 3562 604 3635 ι
619 3560 836 3663 parentibus
826 3583 1010 3660 interemp-

30 3774 31 3781 ἶ
115 3707 161 3795 tot
175 3684 259 3795 §iser
275 3680 395 3773 aliosi
404 3685 513 3762 libetis
522 3738 534 3774 ,
554 3683 661 3761 alios
646 3712 665 3759 a
679 3680 854 3789 iratribus,
872 3679 954 3759 alios
968 3680 1035 3757 ιιι

603 3842 626 3849 ff
768 3775 865 3906 Qiii
