2750 4742
238 307 792 386 ARCHIDAMUS.
930 325 973 390 61

24 467 26 506 1
91 448 454 557 majores'damnaremus
464 507 475 540 ,
496 452 585 553 quasi
601 454 717 552 injusti
734 454 908 532 Meffeniis
926 485 978 532 re·

24 577 25 602 ³
90 580 204 680 gionem
215 575 410 651 ademissent
419 575 531 672 suam3
548 575 613 650 five
624 603 820 676 nos,quum
829 577 879 650 illi
888 580 977 653 redd
1071 595 1077 604 ’

91 697 259 784 renuidem,
273 721 388 799 praeter
401 706 450 797 jus
463 696 647 796 quidquam
659 696 767 770 defflt
776 698 976 780 concedere-

89 847 154 894 mus.
179 823 333 913 Quorum
358 843 513 892 neutrum
536 817 726 892 faciendum
748 823 820 914 est·,
840 842 873 893 at
893 819 977 894 illud

88 941 280 1042 spectandum
296 967 333 1014 ur
348 967 410 1042 pro
426 940 587 1040 dignitate
602 941 709 1014 nostri
725 940 850 1015 bellum
866 941 977 1014 admi·

88 1064 258 1148 nistremus,
280 1089 388 1161 neque
406 1089 462 1136 eos
483 1063 542 1160 qui
558 1063 726 1138 civitatem
743 1067 886 1137 nostram
902 1064 976 1138 lau-

89 1187 149 1260 dare
160 1185 244 1258 soliti
256 1184 353 1270 sunt,
373 1185 540 1258 mendacii
552 1213 749 1287 arguamus,
772 1185 830 1260 sed
843 1211 975 1260 nosmet

88 1309 245 1408 ptaestemus
256 1307 336 1380 tales
348 1331 384 1382 ut
397 1307 447 1380 'dli
460 1307 544 1380 veris
558 1308 690 1380 minora
701 1306 744 1380 de
756 1307 853 1382 nobis
862 1306 975 1381 dixilse

24 1525 25 1530 ἵ
88 1427 246 1502 videantur.
646 1435 657 1484 t

200 1599 561 1699 Proponiturfingulart
575 1598 841 1699 confiliumdc.
965 1563 968 1568 Ι
1034 1663 1042 1672 .

24 1801 25 1846 3
124 1813 276 1910 Equidem
291 1814 440 1888 existimo
457 1813 539 1886 nihil
555 1801 683 1915 graviui
699 1814 749 1887 his
762 1815 856 1888 malis
868 1842 974 1890 even·

24 1923 25 1994 ἶ
83 1933 320 2031 turum3veri1m
333 1935 441 2008 hostes
454 1961 493 2007 ea
506 1943 540 2008 &
554 1932 974 2010 deliberaturos&a&uros

24 2087 25 2132 1
82 2051 138 2127 effe
151 2083 202 2156 per
215 2084 287 2155 quae
301 2085 363 2129 nos
376 2058 496 2129 iterum
510 2057 646 2157 erigent.
671 2057 775 2150 Qubd
788 2057 811 2130 fi
822 2058 877 2160 spe
888 2058 975 2132 frus·

24 2275 25 2278 Ἴ
80 2177 170 2258 trati,
183 2186 214 2249 &
230 2177 378 2276 undique
391 2175 507 2250 exclufi
527 2175 710 2264 fuerimus,
734 2204 842 2277 neque
856 2179 973 2253 urbem

24 2329 25 2364 r
79 2295 206 2395 amplius
226 2300 309 2371 tueri
330 2299 554 2400 potuerimus,
572 2297 652 2370 duta
665 2298 802 2396 quidem
816 2298 891 2372 sunt
905 2301 974 2374 haec
1035 2294 1040 2304 ’
1089 2313 1093 2322 “

79 2445 142 2516 quae
161 2417 301 2492 didiurus
322 2417 416 2504 sum,
439 2447 509 2490 non
535 2416 716 2492 cunctabor
738 2444 849 2492 tamen
871 2420 973 2492 libere

78 2540 238 2640 aperte'que
258 2541 377 2614 dicere.
406 2541 496 2613 Nam
514 2539 601 2641 apud
621 2543 752 2614 Graecos
768 2567 840 2638 quae
855 2539 974 2639 praedi-

79 2676 178 2733 centur
190 2660 256 2734 haec
273 2651 464 2756 honestiorav
475 2659 572 2746 sunt,
593 2669 630 2734 δι
642 2660 758 2732 nostris
772 2659 891 2732 animis
903 2661 974 2762 dig·

78 2782 176 2867 niora,
196 2784 296 2882 quim
311 2810 350 2856 ea
366 2809 437 2882 quae
453 2780 549 2854 nobis
562 2779 701 2880 quidam
712 2779 860 2856 suadent.

116 2905 163 2976 Sic
179 2905 271 2977 enim
290 2902 407 2976 censeo
427 2928 576 3003 parentes
589 2906 715 2976 nostros
728 2930 805 2976 cum
818 2902 972 2976 uxoribus
1001 2930 1008 2936 ·
1034 2927 1041 2936 ·

24 3037 25 3100 3
76 3024 224 3098 &liberis
238 3079 249 3110 ,
269 3034 304 3098 &
326 3023 487 3124 reliquam
502 3025 591 3098 bello
609 3025 762 3098 inutilem
779 3025 908 3099 turbam
931 3049 971 3098 ex

24 3191 25 3206 2
74 3145 141 3218 urbe
154 3146 376 3234 emittendam
389 3145 468 3243 effe3
481 3145 562 3220 alios
573 3147 609 3218 in
621 3145 764 3219 Siciliam
776 3155 813 3219 ὅ(
822 3146 970 3234 halim,

24 3433 25 3438 ἵ
72 3453 229 3533 exemplum.
255 3427 373 3532 siquod
387 3451 514 3533 ptaecedit
534 3449 607 3510 delet
628 3451 733 3522 Battie,
752 3447 800 3509 sed
811 3450 899 3529 potest
913 3445 971 3507 set·

24 3545 26 3562 '
72 3552 120 3608 vati
132 3553 265 3630 quamvis
282 3547 422 3624 abruidet,
437 3551 503 3628 quia
522 3547 595 3628 apud
613 3545 758 3627 scriptores
771 3550 882 3606 Graecos
896 3566 972 3606 non·
1048 3598 1050 3601 ,

73 3665 206 3732 nunquam
217 3650 280 3731 post
291 3649 513 3730 comparativum
524 3635 637 3728 ponitur
649 3641 729 3707 timul
739 3646 877 3729 genitivus
888 3652 915 3706 δι
927 3637 955 3708 ti.
