2750 4742
236 257 333 337 ,DE
371 258 531 337 PACE
570 248 844 340 ORATIO.
936 290 1004 362 25⁹

79 404 288 479 tenuiorum
300 406 449 479 studeant
463 405 664 493 succurrere,
680 407 797 482 verbm
809 436 867 483 eos
878 410 937 509 qui
947 410 1009 483 ali·

78 529 181 626 quid
195 528 315 603 habete
330 530 503 615 videntur,
518 530 690 631 egentibus
703 556 879 630 etaequare.

346 702 768 773 Pseonnrto

82 872 146 942 Ea
157 876 356 945 indicantur
363 901 423 966 per
440 900 510 969 quae
524 875 642 945 civitas
660 874 696 941 in
713 870 1008 965 optimum-starum

16 990 17 993 ¹
414 1089 423 1095 η
435 992 527 1090 pofflt
550 994 680 1092 restitui.

16 1152 17 1186 r
91 1239 95 1245 ,
138 1145 443 1247 Quodnamigitur
452 1147 502 1219 his
513 1147 608 1220 m'alis
620 1142 805 1219 remedium
813 1146 889 1221 liet?
902 1144 1012 1220 Disse-

88 1266 142 1339 rui
151 1276 228 1365 jam
240 1266 377 1367 quidem
390 1265 432 1338 de
446 1266 495 1338 his
508 1266 744 1339 serdomnibus
756 1266 930 1356 remediis,
942 1296 1012 1341 non

88 1386 245 1472 ordine}
267 1386 325 1460 sed
347 1388 396 1460 utl
416 1384 540 1487 smgula
559 1415 620 1488 pro
641 1412 791 1488 tempore
812 1387 1012 1465 incidebant.

89 1510 182 1602 Quae
200 1508 363 1605 memoris
375 1534 486 1583 tenete
497 1510 592 1584 vobis
609 1508 724 1583 licebit
740 1512 866 1611 magis,
879 1509 923 1596 st,
939 1510 1013 1585 col-

92 1630 193 1704 lectis
215 1632 251 1703 in
268 1658 372 1704 unum
389 1632 427 1704 iis
437 1655 509 1731 quae
523 1632 666 1705 maxime
680 1628 743 1705 sunt
759 1630 953 1718 necessaria,
974 1658 1014 1705 ea

93 1752 209 1827 tursius
225 1752 413 1853 percensere
431 1778 611 1829 tentavero.

148 1877 214 1947 Per
227 1902 298 1973 quae
310 1874 431 1947 scilicet
443 1874 583 1949 civitatis
594 1896 643 1947 res
654 1872 961 1959 emendaverimus,
976 1880 1014 1946 δε

97 1997 257 2071 meliores
271 1994 473 2081 fecerimus,
495 1996 562 2068 haec
577 1992 651 2067 sunt
664 2023 672 2066 t
694 1993 1013 2093 primumquidem,

97 2118 220 2191 strales
243 2117 285 2190 de
307 2114 449 2218 negotiis
465 2114 602 2217 publicis
628 2114 830 2189 consultores
853 2114 1016 2189 adhibue·

102 2240 205 2312 timus
221 2295 231 2325 ,
250 2238 363 2337 quales
388 2236 433 2311 'de
457 2238 590 2338 privatis
615 2236 736 2311 habere
754 2238 850 2310 nobis
872 2238 908 2309 in
934 2262 1015 2311 voto

106 2358 203 2445 esset,
218 2370 252 2435 &
264 2358 451 2432 desierimus
463 2340 715 2433 calumniatores
726 2359 897 2461 populares
906 2360 1016 2431 existi-

108 2505 217 2567 mate,
234 2484 453 2580 honestosque
466 2482 554 2553 vitos
568 2480 801 2581 oligatcbicos:
814 2480 850 2552 id
859 2480 1019 2552 nimirum

110 2606 244 2679 scientes
260 2606 453 2679 alterutrum
474 2604 595 2675 horum
614 2598 786 2674 neminem
804 2600 868 2673 else
884 2601 1017 2685 nature,

19 2767 20 2782 κ
111 2716 621 2826 sedeam'quemquereipublicae
631 2720 1018 2824 sormamexpetetema-

111 2850 218 2932 ximk,
233 2848 345 2947 inquit
359 2847 502 2921 maxime
513 2847 705 2919 honoratur.

119 2996 123 3003 ’
165 2960 310 3044 Secundo
321 2968 660 3055 loco.,s1voluetimus
674 2966 770 3041 sotiis
779 2965 902 3042 eodem
914 2965 1019 3039 modo

117 3094 243 3193 utiquo
258 3084 369 3167 amicis
378 3146 389 3177 ,
399 3118 476 3178 nec,
489 3092 572 3167 ditm
585 3090 687 3166 verbo
699 3089 788 3191 ipsos
801 3088 850 3163 sui
862 3089 941 3188 jutis
952 3086 1019 3167 snc-

120 3238 171 3289 tos
184 3216 401 3303 dimittimus,
423 3214 525 3317 reipsd
540 3212 677 3287 ducibus
694 3212 810 3309 nostris
828 3237 967 3287 omnem
985 3210 1022 3280 in
1064 3300 1068 3306 .

122 3366 177 3411 eos
192 3336 351 3438 grassandi
366 3336 533 3410 licentiam
547 3334 831 3437 proposuerimus3
844 3360 905 3406 nec
914 3331 1024 3405 domi·

118 3594 247 3679 praedicltl
260 3608 331 3661 orat.
345 3594 418 3661 edili
431 3614 496 3663 sum
511 3596 736 3677 interpretatione
747 3592 843 3687 lerini,
869 3626 873 3633 ·
950 3614 969 3683 .'
987 3588 994 3599 '
1013 3594 1019 3599 ’

799 3697 877 3793 nrj
