2750 4742
208 332 426 411 HELENAE
460 330 759 407 LAUDATtO.
860 326 939 426 ¹365

59 480 132 565 cori,
146 504 196 556 aut
216 482 299 553 claim
321 480 442 553 habete
457 475 622 563 studeret,
643 502 705 563 ut,
725 502 883 577 tanquam
904 494 940 551 re

60 602 127 675 bene
142 629 175 675 ac
189 600 392 675 laudabiliter
408 602 518 703 gelih,
537 598 693 673 celebrari
714 591 823 699 potitis
839 598 941 697 quaint

59 714 126 793 sileri
144 722 313 795 voluerint.
342 723 387 793 Ea
406 744 517 793 autem
540 747 611 819 quae
630 718 772 793 dicimus
794 720 943 792 maximo

58 844 110 918 hoc
126 843 310 929 testimonio
335 843 594 927 confirmantur,
615 842 706 943 qubd
721 842 829 942 plures
845 841 945 916 femi-

59 992 104 1036 ms
113 966 244 1065 repetire
257 964 311 1049 stt,
326 966 385 1063 qui
398 964 444 1037 ob
456 964 570 1039 fotmae
579 964 797 1064 praestantiam
807 965 946 1039 immor·

61 1086 923 1187 rlesfaQstnt,quimobceterasuitrutesuniversas.

60 1285 85 1349 A
93 1285 317 1375 pulchritudine
335 1290 371 1354 in
387 1306 494 1380 genere
511 1286 674 1354 revertitur
688 1310 798 1353 orator
810 1288 955 1377 adpul-·

95 1406 269 1475 uberrimam
296 1407 452 1475 Helenam
479 1406 572 1497 atejus
600 1404 745 1475 diuinam
765 1409 946 1496 potentiam

90 1529 241 1619 predicat.

96 1698 216 1791 Quibus
236 1692 367 1771 Helena
386 1698 477 1770 tanrb
498 1690 635 1773 meliore
654 1692 847 1774 conditione
866 1695 949 1785 fuir,

62 1820 166 1918 quantb
179 1820 224 1892 eis
238 1820 339 1893 etiam
351 1816 433 1892 facie
443 1820 596 1919 praestitit.
612 1822 646 1891 N
647 1848 694 1893 on
704 1823 796 1894 euim
811 1822 951 1894 immor-

62 1940 200 2014 talitatem
224 1934 354 2013 rantltm
378 1941 496 2044 adepta
517 1944 589 2038 est3
618 1941 676 2015 sed
699 1952 736 2016 &
758 1946 952 2044 potestatem

63 2052 191 2136 diuinam
200 2056 391 2148 consecuta,
404 2062 548 2163 ptimltm
557 2062 671 2137 fratres
682 2060 835 2137 retulitiu
846 2066 950 2139 Deos.
1035 2119 1037 2126 -

62 2184 116 2256 Cui
133 2184 309 2258 mutationi
324 2206 428 2282 quum
444 2184 653 2255 autoritatem
668 2193 705 2257 δε
717 2184 821 2257 fidem
836 2183 952 2257 afferre
1004 2280 1007 2285 Ι

62 2304 163 2391 vellet,
181 2304 365 2378 honoribus
384 2303 458 2377 illos
478 2304 617 2379 donavit
633 2307 679 2379 iti
700 2304 898 2390 manifestis,
913 2329 952 2378 ut

62 2425 90 2497 in
108 2429 183 2501 mati
199 2426 391 2527 compelli,
415 2452 471 2498 eos
485 2425 621 2528 *servent
634 2424 855 2527 periclitantes
877 2427 953 2526 qui-

62 2573 184 2647 cumque
195 2548 285 2649 ipsos
296 2548 349 2649 pie
360 2548 556 2621 invocluint.
568 2548 704 2621 Deinde
713 2549 874 2621 Menelao
883 2564 963 2619 tam·

63 2691 118 2740 tam
130 2669 244 2742 habuit
262 2668 401 2769 gratiam
419 2694 479 2769 pro
494 2668 659 2741 laboribus
677 2676 712 2741 &
730 2662 880 2768 periculis
900 2666 956 2741 sul

61 2789 140 2863 causl
151 2788 328 2891 susceptis,
348 2812 386 2861 ur
395 2839 406 2874 ,
423 2811 527 2888 quum
544 2816 646 2890 genus
659 2814 762 2863 omne
779 2788 958 2888 Pelopida-

60 2911 124 2983 rum
137 2910 315 2992 interiliet,
330 2908 427 2981 malis
438 2907 623 3009 oppressum
639 2908 960 2993 immedicabilibus,
1034 2926 1041 2971 ἰ

61 3055 121 3101 non
137 3031 269 3105 tannim
290 3014 331 3103 eir
348 3030 585 3104 calamitatibus
604 3031 669 3103 illis
691 3057 768 3105 eum
784 3032 958 3131 eripuerit,

61 3148 108 3222 led
119 3161 152 3224 δι
165 3152 284 3225 Deum
293 3175 354 3250 pto
366 3150 498 3225 mortali
508 3178 612 3251 quum
625 3150 749 3224 feciffer
757 3203 769 3235 ,
784 3151 961 3225 contuber-

61 3272 158 3347 nalem
167 3274 227 3348 fibi
239 3284 274 3347 &
284 3268 467 3347 alsellorem
476 3274 512 3345 in
522 3299 623 3346 omne
632 3300 739 3348 aevum
749 3274 960 3347 constituerit.

62 3396 202 3487 Quarum
214 3395 301 3469 mihi
313 3420 422 3467 tetum
431 3393 588 3495 Spartana
599 3393 735 3477 civitas,
753 3392 961 3493 diligeurilli-

61 3540 109 3586 ma
124 3516 291 3589 vetustatis
303 3518 426 3599 custos,
449 3514 552 3613 reipsh
564 3514 788 3587 testimonium
799 3497 973 3614 perhiberi

62 3634 141 3709 Nam
154 3638 189 3709 in
203 3637 294 3708 hunc
308 3634 409 3735 usque
422 3633 512 3707 diem
527 3634 691 3735 Spartiatae
707 3633 913 3734 Therapnis,
923 3616 976 3740 'iu'
1009 3671 1012 3677 ·

156 3766 255 3835 Tome
278 3764 329 3833 ΙΙ.
750 3754 784 3838 A
800 3784 819 3827 a
972 3764 977 3771 ’
