2750 4742
234 403 801 485 ,nAnArrrrurrcus
918 429 983 499 51⁷

83 545 139 620 sed
152 526 255 646 quum
269 531 344 623 suirr
358 550 483 635 securi,
499 551 573 623 illos
588 550 732 627 maxime
745 551 911 622 honorant
925 548 986 647 qui

80 667 121 756 ad
138 669 274 768 gratiam
292 671 493 770 loquuntur3
512 671 547 742 in
560 657 650 744 metu
663 675 743 745 verb
762 680 798 744 &
809 669 983 771 periculis,
1002 763 1005 768 Ι

83 789 125 884 ad
135 791 281 891 optimos
293 801 328 866 δι
339 791 603 893 prudentiffimos
614 818 763 890 quosque
773 789 990 892 confugiunt3

83 936 140 998 eos
162 936 219 1009 pet
240 913 326 986 lices
348 911 487 986 arbitror
512 911 588 986 alids
610 909 774 984 feliciores
797 909 891 995 fore,
909 907 991 1009 alids

84 1030 343 1122 calamitofiores.

130 1253 210 1342 Hac
228 1271 326 1372 igitur
345 1295 460 1345 natura
475 1281 510 1346 δι
533 1274 582 1347 vis
601 1277 646 1348 est
667 1271 991 1372 rerumpublicarum.

84 1389 198 1489 Atque
222 1391 290 1464 haec
313 1392 384 1465 aliis
409 1393 515 1466 multo
543 1395 636 1493 plura
658 1393 779 1479 verba,
802 1393 903 1492 quim
919 1420 992 1491 quae

83 1536 173 1584 nunc
189 1509 390 1598 dictasunt,
406 1511 647 1614 suppeditatum
662 1514 834 1588 existimo:
859 1513 992 1614 etmihi

85 1659 155 1704 non
168 1626 213 1706 de
227 1631 381 1707 omnibus
393 1632 713 1711 administrationum
726 1635 862 1720 formis,
875 1634 992 1708 verbm

84 1755 126 1828 de
149 1754 220 1827 solal
246 1765 408 1854 majorum
434 1760 620 1829 nostrorum
644 1756 834 1858 republical,
861 1753 991 1829 videtur

86 1875 149 1954 elle
171 1875 402 1950 differendum.
426 1879 523 1950 Hanc
540 1879 632 1952 enim
652 1878 725 1950 sum
745 1877 909 1978 pollicitus
931 1876 993 1948 de-

85 2000 342 2072 monstraturum
359 1998 533 2074 meliorem
548 1997 610 2072 elle
632 2008 668 2072 &
683 1998 776 2100 plura
796 1997 887 2070 bona
906 2022 994 2070 attu-

86 2117 154 2190 liss‘e
173 2117 274 2218 qudm
289 2144 363 2193 eam
376 2147 447 2220 quae
460 2121 577 2221 Spattae
591 2119 764 2194 constituta
778 2120 834 2192 est.
944 2189 947 2194 .

50 2435 54 2441 ,
132 2375 205 2446 Erit
216 2398 326 2447 autem
340 2375 448 2448 oratio
460 2373 510 2446 his
523 2376 580 2473 qui
595 2401 649 2448 me
663 2375 804 2449 libenter
813 2375 856 2448 de
866 2374 994 2475 optirnd

86 2493 254 2594 republicis
266 2494 433 2568 dicentem
448 2493 591 2567 audituri
604 2493 700 2578 sunt,
719 2520 827 2593 neque
841 2493 995 2579 molesta,

87 2639 198 2714 neque
211 2615 460 2714 intempestiva,
478 2613 535 2687 sed
552 2637 626 2714 apta
640 2623 675 2688 &
687 2615 888 2688 conveniens
899 2614 998 2695 distis

88 2735 255 2836 superius:
272 2735 336 2807 illis
352 2737 431 2808 verb
447 2734 524 2832 qui,
541 2735 669 2834 gravius
685 2734 775 2807 dieta
788 2732 997 2834 spernentes,

88 2859 154 2931 istis
171 2855 314 2929 maxime
328 2854 531 2928 delectantur
542 2856 601 2954 qui
617 2855 652 2926 in
665 2854 904 2930 celebritatibus
918 2883 999 2928 con-
1054 2871 1058 2876 ’

72 3067 75 3072 r
88 2979 177 3052 vicia
188 2979 361 3078 ingerunt,
378 2977 431 3050 vel
445 2975 469 3048 st
482 2974 594 3050 furore
609 2976 669 3050 illo
687 2976 923 3062 abstinuerint,
942 3001 997 3049 aut

89 3125 140 3172 res
162 3099 317 3170 omnium
338 3096 502 3170 vilillimas
523 3094 683 3198 laudant,
708 3120 766 3168 aut
786 3096 1003 3195 nequiffimos

89 3218 246 3290 omnium
267 3216 326 3316 qui
350 3241 496 3315 unquam
515 3215 714 3308 extiterunr3
737 3214 822 3300 illis,
837 3215 999 3314 inquam,

89 3363 173 3439 puto
185 3337 337 3441 eamdem
350 3337 435 3416 hanc
447 3334 554 3418 visum
565 3335 605 3406 iri
616 3334 719 3432 qudm
730 3358 882 3434 oporteat
896 3335 1002 3435 proli-

89 3461 230 3546 xiorem.
249 3457 380 3534 Verirrn
391 3483 456 3556 ego
468 3455 551 3529 nihil
565 3479 713 3554 unquam
727 3453 891 3550 ejusmodi
906 3455 1002 3526 audi·
1024 3533 1026 3538 .

91 3603 182 3680 tores
195 3578 327 3662 curavi,
350 3601 387 3649 ut
402 3603 464 3648 nec
484 3575 563 3658 alius
580 3557 754 3674 quisquam
768 3575 819 3646 uir
835 3574 1003 3673 prudens3

92 3697 152 3808 sed
166 3725 222 3774 eos
236 3689 408 3802 peroptavi
426 3695 545 3772 habere
561 3694 620 3796 qui
637 3703 672 3772 &
693 3693 750 3792 illa
769 3720 839 3791 quae
852 3693 923 3789 dixi
933 3704 1007 3795 jam
1104 3740 1106 3743 v

731 3813 799 3893 Kk
819 3816 857 3916 iij
