2750 4742
298 393 859 472 nuentonnus
995 425 1043 495 q

120 533 214 608 nerit
223 589 235 622 ,
256 544 293 610 &
307 565 388 637 quas
401 540 446 612 ob
465 538 572 630 causas
588 539 800 614 consederitis
819 541 856 614 in
872 541 1042 644 Pelopon·

121 654 210 748 neso
221 684 331 756 ⁸quum
346 659 528 734 Dorienses
542 660 584 734 ab
600 661 730 762 origine
744 659 820 735 litis.
838 661 948 736 Altit'ts
960 665 1039 738 verb

117 801 195 849 rem
212 803 389 880 propterea
402 805 570 883 repetam,
592 806 629 856 ut
648 781 838 888 intelligatis
853 809 928 858 eam
942 783 1039 858 vobis

117 898 300 998 regionem
314 901 389 976 illos
403 905 528 1005 eripere
541 903 647 991 velle,
667 933 770 1008 quarn
787 933 857 979 non
874 906 1039 982 deteriore

117 1025 196 1117 jure
203 1019 480 1120 poffidetisqualm
488 1021 613 1123 reliqua
622 1025 867 1100 Lacedaemonis
875 1026 1037 1101 dominia.

169 1143 353 1240 Postquam
373 1143 465 1216 enim
484 1145 641 1219 Hercules
659 1148 765 1222 vitam
781 1149 942 1233 mutavit,
957 1147 1037 1222 deus

119 1260 140 1332 ὲ
153 1264 294 1335 mortali
308 1263 413 1338 fadlus
424 1318 435 1351 ,
448 1267 546 1341 initio
559 1267 654 1340 liberi
665 1277 756 1368 ejus,
769 1267 815 1342 ob
824 1269 1038 1344 inimicorum

120 1385 329 1483 potentiam,
343 1388 439 1463 variis
450 1367 612 1464 erroribus
620 1389 817 1490 agebantur3
826 1393 898 1492 post
906 1390 1038 1464 obitum

120 1531 242 1580 autern
268 1509 460 1606 Eurysthei,
488 1511 576 1613 apud
601 1512 783 1588 Dorienses
809 1511 1038 1587 consederunt.

120 1629 246 1700 Tertia
256 1629 392 1705 demdm
402 1657 509 1720 aetate,
521 1662 642 1735 quum,
654 1636 754 1710 certis'
761 1635 805 1710 de
816 1634 911 1710 rebus
921 1660 1040 1708 oracu-

121 1746 199 1820 lum
211 1749 410 1837 consulturi,
425 1752 578 1854 Delphos
589 1756 770 1842 venissent,
787 1753 913 1857 Apollo
925 1753 969 1827 ad
981 1754 1039 1826 in·

122 1893 292 1970 terrogata
308 1872 392 1946 nihil
409 1874 603 1976 respondit,
628 1877 685 1950 sed
707 1877 743 1950 in
763 1877 903 1978 patriam
918 1901 1039 1948 terram

121 2017 185 2064 eos
206 1991 297 2066 abire
319 1995 415 2094 juffit.
446 1997 663 2072 Confideratd
681 2001 781 2100 igitur
800 1998 895 2097 hujus
915 1995 1040 2070 oraculi

123 2111 315 2200 sententias,
338 2116 627 2217 deprehenderunt
651 2119 760 2220 Argos
784 2116 1037 2219 propinquitatis

126 2243 201 2332 jure
220 2235 260 2308 ad
276 2235 318 2308 se·
329 2237 515 2337 pertinere3
537 2238 658 2340 quippd
674 2241 820 2313 extindto
836 2237 1036 2335 Eurystheo,

123 2355 191 2430 soli
205 2358 408 2450 perfidarum
428 2360 638 2462 supererant:
664 2362 941 2436 Lacedaemonem
957 2361 1038 2433 vero

121 2502 284 2580 tanquam
296 2479 425 2556 servam
443 2479 502 2556 fibi
518 2482 692 2582 traditam3
711 2481 908 2579 Tyndareus
926 2482 1036 2566 enim,

122 2602 301 2700 postquam
314 2603 434 2674 Castor
456 2602 623 2678 &Pollux
646 2628 686 2674 er
707 2602 758 2673 his
779 2603 872 2674 terris
891 2625 1038 2674 evanue·

122 2744 221 2806 rant,
241 2747 345 2822 regno
358 2722 485 2823 pulsus,
498 2720 587 2800 &ab
603 2720 743 2796 Hercule
757 2707 1036 2806 restimntsshanc
1144 2734 1154 2756 ‘

119 2843 172 2938 illi
199 2845 374 2944 regionem
399 2846 600 2932 tradiderat,
624 2843 701 2919 clun
727 2844 773 2918 ob
798 2844 883 2918 istud
907 2841 1037 2916 benefi-

122 2965 238 3051 cium,
266 2963 342 3040 tlun¹
356 2966 402 3040 ob
424 2967 603 3042 liberorum
621 2961 756 3042 suorum
777 2965 1035 3068 cognationemt

121 3084 315 3160 Messenam
328 3087 473 3188 denique
489 3089 709 3190 expugnatam
723 3090 779 3180 vi,
798 3088 956 3187 suamque
973 3084 1038 3160 else

124 3341 268 3404 cusativos
279 3344 313 3404 ad
325 3331 459 3436 sipirtus.

169 3428 189 3518 [
201 3444 222 3502 l.
244 3465 283 3516 19
307 3451 334 3502 δι
357 3431 435 3524 zo]
462 3425 507 3526 ἐξ
527 3435 695 3534 altdpts'oot
721 3438 952 3523 spasmeam,
979 3463 1038 3502 non

123 3531 349 3606 evertimur,
368 3548 433 3625 quia
454 3564 541 3628 quum¹
565 3543 599 3603 de
622 3545 704 3604 obitu
721 3544 843 3603 Castoris
864 3550 892 3601 dt
917 3539 1038 3610 Pollucis

121 3639 199 3700 nihil
213 3643 281 3700 certi
297 3639 469 3713 traderetur,
492 3639 672 3703 credebantur
685 3661 745 3702 non
759 3641 865 3701 mortui
877 3633 957 3702 suill'e
965 3684 978 3716 ,
991 3637 1039 3700 sed

121 3741 155 3800 in
170 3759 323 3820 numerum
337 3739 455 3824 deornm
467 3739 558 3802 relati.

818 3840 901 3915 Biv
