2750 4742
246 373 464 447 HELENAE
495 369 798 445 LAUDATIO.
901 386 964 459 345

117 518 165 593 Sit
172 542 282 593 autem
289 518 447 619 contigit,
461 541 498 591 ut
505 518 586 591 alter
594 518 815 591 celebriora&
824 520 967 610 majora,

74 637 147 711 aiter
155 639 286 713 utiliora
297 649 333 713 &
341 639 569 737 conjunctiora
575 638 715 721 Gtaecis,
729 633 871 735 pericula
878 630 969 703 subi-

75 781 127 828 ret.
152 757 204 829 llli
219 758 357 857 quidem
373 757 564 853 Eurystheus
579 758 754 857 imperavit
769 780 804 828 ut
815 753 918 827 boves
930 776 970 822 ert

76 878 206 972 Erythea
217 878 383 979 abigeret,
398 905 435 953 ut
445 879 533 952 mala
545 878 765 979 Hesperidum
776 874 921 956 afferret,
934 894 972 943 ut

76 1000 256 1073 Cerberum
267 1028 307 1074 ex
319 1000 438 1076 inferis.
448 1001 646 1085 adduceret,
657 1009 693 1073 δι
704 999 784 1071 alios
797 1006 864 1095 ejus
875 1018 975 1095 gene-

74 1119 114 1191 rir
126 1118 298 1220 susciperet
309 1121 459 1207 labores„
475 1146 534 1221 per
545 1146 629 1219 quos
645 1144 717 1191 non
730 1118 798 1191 tdm
814 1115 884 1189 aliis
896 1110 974 1185 esset

75 1237 255 1337 profuturus
283 1243 384 1339 qudtn
408 1240 478 1341 ipse
506 1239 752 1339 periclitaturus.
785 1237 851 1309 Hic
873 1234 974 1316 verb,

76 1386 173 1457 quum
188 1359 238 1431 sui
256 1362 335 1459 juria
348 1360 444 1446 effer,
459 1387 497 1434 ea
508 1360 688 1435 certamina
699 1357 822 1459 delegit
836 1380 893 1456 pet
905 1380 976 1453 quae

28 1547 29 1551 ,
76 1501 126 1549 aut
140 1479 352 1565 Graecorum,
376 1505 431 1553 aut
448 1481 508 1553 suae
523 1479 619 1581 ipsius
639 1478 770 1579 partiae,
788 1474 980 1549 benefactor

28 1605 29 1632 ³
75 1596 251 1671 haberetur.
276 1592 420 1673 Proindd
435 1624 562 1675 tautum
574 1600 592 1672 d
605 1600 763 1699 Neptuno
777 1594 977 1695 immiffum,

28 1695 29 1702 i
78 1726 109 1789 &
122 1718 300 1790 vastantem
315 1718 479 1809 Atticam,
494 1746 569 1791 cum
585 1746 653 1817 quo
668 1714 807 1791 universi
822 1711 980 1815 congredi

28 1835 29 1899 ἶ
76 1862 142 1907 non
155 1837 343 1923 audebant,
355 1838 441 1943 solus
454 1839 522 1939 ipse
535 1866 639 1937 quum
648 1836 841 1921 domuiffet,
854 1862 976 1935 magno

74 1962 164 2030 'metu
190 1960 375 2059 magnique
401 1960 619 2060 trepidatione
643 1988 760 2035 omnes
785 1958 843 2059 qui
863 1957 980 2031 urbem

28 2143 29 2146 ,
75 2078 261 2151 incolebant
284 2079 446 2153 liberavit.
469 2081 582 2154 Posted
594 2105 723 2165 autem,
738 2078 819 2152 initi
831 2106 906 2153 cum
918 2080 982 2151 La-

73 2197 169 2296 pithis
193 2197 375 2284 societate,
400 2200 669 2299 &expeditione
696 2196 842 2299 suscepti
868 2196 980 2271 contri

28 2313 29 2318 ἵ
74 2318 270 2393 bimembres
290 2320 364 2393 illos
381 2322 567 2395 Centauros
583 2376 594 2405 ,
609 2322 688 2421 qui,
711 2330 745 2397 &
766 2322 929 2395 celeritate
944 2330 980 2397 &

75 2440 592 2543 viribus&audacidpraestanter,
610 2445 705 2517 urbes
717 2442 794 2515 alias
806 2442 982 2525 vastitant,

76 2560 150 2633 alias
161 2564 313 2635 vastaturi
325 2588 436 2649 etant,
448 2565 518 2637 aliis
526 2566 783 2649 minitabantur,
800 2564 860 2637 hos
871 2563 981 2663 praelio

76 2674 177 2783 quum
191 2685 339 2771 viciss'et,
358 2688 464 2760 statim
480 2686 626 2788 ipsorum
640 2687 799 2760 ferociam
816 2686 981 2787 reptessit,

76 2831 182 2905 neque
194 2806 302 2894 multb
314 2810 386 2907 post
397 2832 501 2907 genus
513 2834 615 2910 omne
626 2834 742 2880 eorum
754 2834 794 2881 ex
807 2807 984 2880 hominum

77 2948 160 2997 coeto
171 2924 306 3001 delevit.
324 2927 424 2999 Circd
440 2927 558 3000 eadem
571 2952 741 3029 tempora,
756 2954 859 3027 quum
871 2926 985 3000 mons-

78 3068 164 3119 trum
176 3046 260 3132 iilud
273 3048 309 3119 in
326 3049 430 3121 Ctetd
446 3034 621 3123 educatum
630 3100 643 3134 ,
659 3073 758 3148 atque
772 3074 812 3123 ex
832 3048 985 3149 Pastpha't‘
1065 3086 1067 3091 ·

78 3375 122 3446 dr
133 3363 173 3466 ξ,
186 3404 250 3442 cum
263 3381 331 3443 edit.
342 3383 401 3444 uas.
415 3393 443 3445 u
454 3389 551 3446 natue.

115 3466 169 3557 [t.
190 3464 241 3557 3.]
262 3476 320 3562 'rep’
335 3478 391 3561 ptr
407 3472 478 3568 γάρ.
489 3526 523 3547 .Ᾰ.
536 3527 546 3549 .
558 3525 568 3545 .
582 3480 640 3543 Hic
654 3490 682 3542 δι
698 3482 729 3541 in
742 3502 807 3566 pag.
825 3478 882 3561 seq.
895 3481 985 3539 multa

81 3596 335 3638 commemorantur
350 3577 425 3641 faeta
444 3600 504 3661 quae
520 3584 549 3642 in
565 3578 667 3643 fabulis
687 3581 800 3640 notiora
818 3574 881 3639 sunt
899 3573 983 3660 quim

84 3694 109 3735 ut
122 3672 232 3737 *anobis
244 3675 422 3757 explicentur
