2750 4742
286 276 839 385 rueurnnuur
967 322 1014 391 ῃ

99 460 137 511 ut
162 428 267 513 nemo
289 436 482 513 mortalium
501 436 537 511 id
557 437 710 512 oratione
727 437 887 540 consequi
906 442 1014 541 pollit.

100 558 202 633 Hisce
226 558 268 633 de
293 560 390 636 rebus
414 558 516 633 hodie
541 558 725 635 consultare
743 560 864 647 decet,
885 570 923 635 δι
941 590 1014 635 non

8 658 10 679 ³
101 680 336 781 tuncgrayiter
349 678 941 783 ferrequumnobisnihilprofuetit‚
954 682 1013 757 sed

8 806 9 889 ᾗ
101 818 190 873 nunc
200 828 312 875 curare
321 823 358 873 ut
368 798 452 873 nihil
464 798 527 872 tale
537 798 679 875 eveniat.
695 801 787 874 Nam
797 802 1014 903 turpissimum

100 925 246 1007 ell‘nos,
269 948 374 1021 quum
397 921 534 1007 antehac
552 920 734 1007 neliberos
747 921 885 1023 quidem
901 924 1013 999 homi·
1044 972 1049 979 -

99 1068 159 1115 nes
170 1043 330 1141 exaequati
342 1040 514 1115 nobiscum
527 1041 603 1142 palli
615 1039 793 1129 fuerimus,
804 1070 893 1117 nunc
904 1053 939 1119 δι
950 1044 1014 1119 ser·

8 1148 9 1159 ¹
99 1192 220 1237 vorum
232 1163 450 1263 inloquendo
463 1164 630 1235 licentiam
642 1163 790 1236 tolerare.
810 1164 1013 1241 Videbimur

100 1286 192 1367 enim
205 1281 363 1387 superiori
376 1284 666 1390 temporenvaluiffe
678 1286 807 1359 tantum
817 1286 1010 1386 insolentil;

99 1416 251 1507 &quum
265 1407 406 1509 ingeniis
422 1406 506 1481 nihil
520 1408 600 1483 alios
614 1408 904 1495 antecelleremus,
920 1439 1010 1485 arros

8 1584 9 1589 ι
97 1530 213 1628 gararii
226 1538 259 1602 &
271 1526 352 1601 fastu
362 1582 373 1615 ‚
396 1555 466 1601 non
482 1528 558 1603 veri
573 1530 751 1631 gravitate,
768 1528 813 1603 usr
829 1528 932 1605 fuisse.
957 1532 1011 1606 Ne

96 1676 202 1747 quam
217 1648 315 1751 igitur
329 1649 527 1751 praebeamus
545 1649 657 1723 ansam
676 1652 791 1724 nostris
808 1651 1011 1730 obtrectato-

99 1770 212 1857 ribus,
231 1771 288 1845 sed
302 1772 443 1873 vestigiis
458 1780 623 1871 majorum
639 1772 789 1875 religiose
807 1772 1009 1859 infistentes,

98 1894 341 1967 malevolorum
354 1894 443 1969 dieta
458 1893 553 1969 fastis
567 1891 708 1967 refutare
721 1895 894 1969 enitamur.
917 1976 925 1983 ,

148 2018 210 2091 lV.
240 1992 485 2091 Recordamini
503 2039 614 2091 autem
633 2024 669 2089 &
691 2024 856 2117 majorum
877 2021 1008 2092 nostro·

98 2164 179 2209 turn
190 2139 245 2237 qui
257 2138 410 2239 adversius
425 2136 569 2211 Arcadas
586 2134 803 2234 dimicalmnt5
822 2164 907 2237 quos
918 2138 1009 2213 aiunt

97 2260 256 2359 perparvi
281 2260 427 2333 militurn
453 2282 585 2344 manu,
613 2257 717 2331 multa
738 2258 881 2332 hostium
904 2258 1008 2331 millia

96 2380 301 2483 profligaffet
321 2390 357 2455 &
375 2394 596 2454 trecentorum
613 2379 747 2453 illorum
767 2382 826 2479 qui
850 2378 892 2452 ad
914 2381 1010 2476 Thy-

97 2528 168 2575 reas
184 2501 512 2605 Argivosuniversos
526 2500 736 2610 superstant:
757 2510 794 2575 &
807 2501 900 2574 mille
914 2501 1008 2575 viro·
1097 2492 1104 2509 ⁹

97 2650 177 2695 rum.
187 2626 246 2723 qui
259 2625 295 2697 in
307 2624 542 2724 Thermopylis
551 2649 628 2695 curn
642 2622 759 2724 septies
769 2622 915 2695 centenis
927 2622 1009 2695 Bar-

97 2744 254 2820 barorum
264 2746 409 2819 millibus
418 2726 592 2849 congressu
606 2770 714 2845 neque
724 2767 814 2845 terga
822 2766 1006 2827 vertenmt,

97 2894 205 2969 neque
217 2870 300 2943 visti
311 2868 407 2956 sunt,
421 2868 479 2942 sed
488 2868 537 2941 ibi
549 2866 773 2939 occubuerunt
785 2865 843 2938 ubi
853 2864 1009 2937 collocati

148 3130 192 3221 [l.
215 3159 256 3208 16
273 3156 301 3209 &-
320 3132 398 3227 17.·]
422 3146 502 3232 Quid
525 3146 610 3207 suerit
630 3142 703 3228 apud
721 3151 832 3206 Graecos
854 3136 908 3207 loti
927 3135 1008 3224 μιῖΐς

96 3240 230 3315 densus
240 3240 469 3331 nmdlatlluw
481 3242 593 3329 proretis
604 3250 721 3329 ignoro:
734 3242 781 3303 scd
790 3241 838 3305 hle
847 3262 924 3325 patet
933 3242 1007 3303 hant
1044 3310 1051 3317 ,

94 3340 177 3405 fuisse
189 3350 310 3409 oratoris
323 3344 447 3409 merrtem
456 3365 487 3405 ut
498 3344 601 3405 diceret
613 3341 837 3412 Latedaetnonioa
847 3335 928 3401 suiss‘e
939 3360 1004 3421 per-

94 3439 181 3523 quem
194 3466 301 3527 paucos
308 3492 323 3519 .‚
338 3452 365 3504 &
378 3439 417 3504 iti
429 3464 531 3527 paucos
543 3463 574 3503 ut
588 3440 638 3503 sub
649 3439 704 3501 uni
716 3440 809 3523 aspide
820 3486 829 3512 ,
844 3439 862 3498 [ι
876 3433 915 3498 iti
926 3437 1006 3517 loqui

94 3538 138 3601 fas
154 3543 215 3616 est,
231 3542 367 3610 occultari
380 3537 538 3627 potuissent.
561 3544 603 3607 Sic
617 3540 734 3599 dicimus
744 3536 863 3622 gallice,
877 3556 931 3597 une
942 3537 1006 3617 poi·

8 3646 9 3723 {
93 3636 166 3722 gnie
179 3638 217 3700 de
231 3639 346 3703 soldats.
