<?xml version="1.0" encoding="UTF-8"?>
<!DOCTYPE html PUBLIC "-//W3C//DTD XHTML 1.0 Transitional//EN"
    "http://www.w3.org/TR/xhtml1/DTD/xhtml1-transitional.dtd">
<html xmlns="http://www.w3.org/1999/xhtml" xml:lang="en" lang="en">
 <head>
  <title>
</title>
<meta http-equiv="Content-Type" content="text/html;charset=utf-8" />
  <meta name='ocr-system' content='tesseract 3.04.00' />
  <meta name='ocr-capabilities' content='ocr_page ocr_carea ocr_par ocr_line ocrx_word'/>
</head>
<body>
  <div class='ocr_page' id='page_1' title='image "./isocratisoperao01augegoog_0229.png"; bbox 0 0 2750 4742; ppageno 0'>
   <div class='ocr_carea' id='block_1_1' title="bbox 77 432 977 815">
    <p class='ocr_par' dir='ltr' id='par_1_1' title="bbox 77 432 977 815">
     <span class='ocr_line' id='line_1_1' title="bbox 209 432 971 547; baseline 0 -22"><span class='ocrx_word' id='word_1_1' title='bbox 209 440 307 527; x_wconf 74' lang='lat' dir='ltr'>bn</span> <span class='ocrx_word' id='word_1_2' title='bbox 347 440 503 525; x_wconf 72' lang='lat' dir='ltr'>rnen</span> <span class='ocrx_word' id='word_1_3' title='bbox 537 439 819 525; x_wconf 68' lang='lat' dir='ltr'>onam·</span> <span class='ocrx_word' id='word_1_4' title='bbox 906 432 971 547; x_wconf 74' lang='lat'>213</span> 
     </span>
     <span class='ocr_line' id='line_1_2' title="bbox 78 567 977 693; baseline -0.002 -24"><span class='ocrx_word' id='word_1_5' title='bbox 78 578 125 669; x_wconf 72' lang='lat' dir='ltr'>ne</span> <span class='ocrx_word' id='word_1_6' title='bbox 137 567 170 668; x_wconf 81' lang='grc' dir='ltr'>Ιιιι</span> <span class='ocrx_word' id='word_1_7' title='bbox 184 595 262 669; x_wconf 86' lang='lat' dir='ltr'>tales</span> <span class='ocrx_word' id='word_1_8' title='bbox 275 597 413 681; x_wconf 87' lang='lat' dir='ltr'>fiamus,</span> <span class='ocrx_word' id='word_1_9' title='bbox 427 595 504 669; x_wconf 66' lang='lat' dir='ltr'>vere</span> <span class='ocrx_word' id='word_1_10' title='bbox 517 594 656 693; x_wconf 90' lang='lat' dir='ltr'>quidem</span> <span class='ocrx_word' id='word_1_11' title='bbox 668 594 811 667; x_wconf 77' lang='lat' dir='ltr'>omninb</span> <span class='ocrx_word' id='word_1_12' title='bbox 826 592 846 667; x_wconf 76' lang='lat' dir='ltr'>d</span> <span class='ocrx_word' id='word_1_13' title='bbox 859 618 915 666; x_wconf 89' lang='lat' dir='ltr'>me</span> <span class='ocrx_word' id='word_1_14' title='bbox 925 596 977 668; x_wconf 89' lang='lat' dir='ltr'>di-</span> 
     </span>
     <span class='ocr_line' id='line_1_3' title="bbox 77 706 976 815; baseline 0 -28"><span class='ocrx_word' id='word_1_15' title='bbox 77 740 176 800; x_wconf 85' lang='lat' dir='ltr'>cetur,</span> <span class='ocrx_word' id='word_1_16' title='bbox 190 714 248 789; x_wconf 86' lang='lat' dir='ltr'>sed</span> <span class='ocrx_word' id='word_1_17' title='bbox 263 708 395 789; x_wconf 80' lang='lat' dir='ltr'>fortaffe</span> <span class='ocrx_word' id='word_1_18' title='bbox 413 714 509 789; x_wconf 87' lang='lat' dir='ltr'>vobis</span> <span class='ocrx_word' id='word_1_19' title='bbox 526 713 736 787; x_wconf 80' lang='lat' dir='ltr'>audientibus</span> <span class='ocrx_word' id='word_1_20' title='bbox 754 741 853 815; x_wconf 82' lang='lat' dir='ltr'>grave</span> <span class='ocrx_word' id='word_1_21' title='bbox 863 706 976 787; x_wconf 76' lang='lat' dir='ltr'>&#39;visum</span> 
     </span>
    </p>
   </div>
   <div class='ocr_carea' id='block_1_2' title="bbox 76 836 977 1031">
    <p class='ocr_par' dir='ltr' id='par_1_2' title="bbox 76 836 977 1031">
     <span class='ocr_line' id='line_1_4' title="bbox 77 836 977 940; baseline -0.001 -30"><span class='ocrx_word' id='word_1_22' title='bbox 77 836 189 923; x_wconf 86' lang='lat' dir='ltr'>fuerit,</span> <span class='ocrx_word' id='word_1_23' title='bbox 208 846 244 911; x_wconf 86' lang='lat'>&amp;</span> <span class='ocrx_word' id='word_1_24' title='bbox 262 838 445 940; x_wconf 76' lang='lat' dir='ltr'>plurimirm</span> <span class='ocrx_word' id='word_1_25' title='bbox 457 837 499 911; x_wconf 87' lang='lat' dir='ltr'>ab</span> <span class='ocrx_word' id='word_1_26' title='bbox 516 837 656 913; x_wconf 78' lang='lat' dir='ltr'>aliorum</span> <span class='ocrx_word' id='word_1_27' title='bbox 672 836 841 913; x_wconf 82' lang='lat' dir='ltr'>sententiis</span> <span class='ocrx_word' id='word_1_28' title='bbox 853 837 977 911; x_wconf 86' lang='lat' dir='ltr'>abhor-</span> 
     </span>
     <span class='ocr_line' id='line_1_5' title="bbox 76 982 147 1031; baseline 0 0"><span class='ocrx_word' id='word_1_29' title='bbox 76 982 147 1031; x_wconf 85' lang='lat' dir='ltr'>rere.</span> 
     </span>
    </p>
   </div>
   <div class='ocr_carea' id='block_1_3' title="bbox 30 1187 1044 3604">
    <p class='ocr_par' dir='ltr' id='par_1_3' title="bbox 30 1187 978 1421">
     <span class='ocr_line' id='line_1_6' title="bbox 30 1187 976 1300; baseline 0.005 -31"><span class='ocrx_word' id='word_1_30' title='bbox 30 1264 32 1269; x_wconf 83' lang='grc'><strong>,</strong></span> <span class='ocrx_word' id='word_1_31' title='bbox 113 1187 181 1299; x_wconf 74' lang='lat' dir='ltr'>Ege</span> <span class='ocrx_word' id='word_1_32' title='bbox 200 1198 295 1272; x_wconf 88' lang='lat' dir='ltr'>enim</span> <span class='ocrx_word' id='word_1_33' title='bbox 316 1199 435 1274; x_wconf 84' lang='lat' dir='ltr'>censeo</span> <span class='ocrx_word' id='word_1_34' title='bbox 463 1198 761 1300; x_wconf 80' lang='lat' dir='ltr'>&amp;rempublicam</span> <span class='ocrx_word' id='word_1_35' title='bbox 775 1224 838 1270; x_wconf 84' lang='lat' dir='ltr'>nos</span> <span class='ocrx_word' id='word_1_36' title='bbox 858 1197 976 1275; x_wconf 77' lang='lat' dir='ltr'>melitis</span> 
     </span>
     <span class='ocr_line' id='line_1_7' title="bbox 75 1318 978 1421; baseline 0.001 -29"><span class='ocrx_word' id='word_1_37' title='bbox 75 1318 367 1407; x_wconf 87' lang='lat' dir='ltr'>administraturos,</span> <span class='ocrx_word' id='word_1_38' title='bbox 389 1330 426 1395; x_wconf 67' lang='grc' dir='ltr'>ὃς</span> <span class='ocrx_word' id='word_1_39' title='bbox 453 1320 541 1421; x_wconf 83' lang='lat' dir='ltr'>ipsos</span> <span class='ocrx_word' id='word_1_40' title='bbox 563 1320 718 1395; x_wconf 85' lang='lat' dir='ltr'>meliores</span> <span class='ocrx_word' id='word_1_41' title='bbox 744 1319 817 1392; x_wconf 88' lang='lat' dir='ltr'>fore</span> <span class='ocrx_word' id='word_1_42' title='bbox 829 1371 841 1405; x_wconf 91' lang='lat'><strong>,</strong></span> <span class='ocrx_word' id='word_1_43' title='bbox 865 1328 901 1393; x_wconf 93' lang='lat'>&amp;</span> <span class='ocrx_word' id='word_1_44' title='bbox 927 1345 978 1393; x_wconf 85' lang='lat' dir='ltr'>res</span> 
     </span>
    </p>

    <p class='ocr_par' dir='ltr' id='par_1_4' title="bbox 30 1440 980 1663">
     <span class='ocr_line' id='line_1_8' title="bbox 30 1440 979 1541; baseline 0.001 -29"><span class='ocrx_word' id='word_1_45' title='bbox 30 1512 32 1523; x_wconf 81' lang='grc'><strong>,</strong></span> <span class='ocrx_word' id='word_1_46' title='bbox 76 1440 211 1515; x_wconf 81' lang='lat' dir='ltr'>nostnim</span> <span class='ocrx_word' id='word_1_47' title='bbox 237 1468 355 1515; x_wconf 86' lang='lat' dir='ltr'>omnes</span> <span class='ocrx_word' id='word_1_48' title='bbox 376 1442 581 1515; x_wconf 85' lang='lat' dir='ltr'>incrementa</span> <span class='ocrx_word' id='word_1_49' title='bbox 602 1463 809 1541; x_wconf 86' lang='lat' dir='ltr'>accepturas,</span> <span class='ocrx_word' id='word_1_50' title='bbox 835 1440 979 1513; x_wconf 82' lang='lat' dir='ltr'>sr-matis</span> 
     </span>
     <span class='ocr_line' id='line_1_9' title="bbox 75 1556 980 1663; baseline -0.002 -28"><span class='ocrx_word' id='word_1_51' title='bbox 75 1559 242 1661; x_wconf 81' lang='lat' dir='ltr'>imperium</span> <span class='ocrx_word' id='word_1_52' title='bbox 269 1556 496 1663; x_wconf 86' lang='lat' dir='ltr'>concupiscere</span> <span class='ocrx_word' id='word_1_53' title='bbox 527 1561 755 1639; x_wconf 84' lang='lat' dir='ltr'>destiterimus.</span> <span class='ocrx_word' id='word_1_54' title='bbox 786 1562 863 1633; x_wconf 88' lang='lat' dir='ltr'>Hoc</span> <span class='ocrx_word' id='word_1_55' title='bbox 887 1560 980 1633; x_wconf 90' lang='lat' dir='ltr'>enim</span> 
     </span>
    </p>

    <p class='ocr_par' dir='ltr' id='par_1_5' title="bbox 30 1670 1035 1782">
     <span class='ocr_line' id='line_1_10' title="bbox 30 1670 1035 1782; baseline 0.001 -29"><span class='ocrx_word' id='word_1_56' title='bbox 30 1670 31 1675; x_wconf 6' lang='grc' dir='ltr'>ἵ</span> <span class='ocrx_word' id='word_1_57' title='bbox 77 1682 150 1755; x_wconf 87' lang='lat' dir='ltr'>illud</span> <span class='ocrx_word' id='word_1_58' title='bbox 166 1686 209 1755; x_wconf 88' lang='lat' dir='ltr'>est</span> <span class='ocrx_word' id='word_1_59' title='bbox 220 1744 222 1749; x_wconf 96' lang='lat'><em>.</em></span> <span class='ocrx_word' id='word_1_60' title='bbox 232 1682 326 1782; x_wconf 89' lang='lat' dir='ltr'>quod</span> <span class='ocrx_word' id='word_1_61' title='bbox 341 1691 377 1755; x_wconf 90' lang='lat'>&amp;</span> <span class='ocrx_word' id='word_1_62' title='bbox 392 1682 427 1756; x_wconf 93' lang='lat' dir='ltr'>in</span> <span class='ocrx_word' id='word_1_63' title='bbox 441 1682 503 1755; x_wconf 92' lang='lat' dir='ltr'>hos</span> <span class='ocrx_word' id='word_1_64' title='bbox 519 1682 676 1755; x_wconf 87' lang='lat' dir='ltr'>tumultus</span> <span class='ocrx_word' id='word_1_65' title='bbox 689 1708 751 1755; x_wconf 89' lang='lat' dir='ltr'>nos</span> <span class='ocrx_word' id='word_1_66' title='bbox 764 1682 927 1782; x_wconf 78' lang='lat' dir='ltr'>conjecit,</span> <span class='ocrx_word' id='word_1_67' title='bbox 943 1691 981 1757; x_wconf 88' lang='lat'>&amp;</span> <span class='ocrx_word' id='word_1_68' title='bbox 1030 1745 1035 1754; x_wconf 90' lang='lat'>.</span> 
     </span>
    </p>

    <p class='ocr_par' dir='ltr' id='par_1_6' title="bbox 30 1788 980 1903">
     <span class='ocr_line' id='line_1_11' title="bbox 78 1794 980 1903; baseline -0.002 -24.101"><span class='ocrx_word' id='word_1_69' title='bbox 78 1799 159 1875; x_wconf 82' lang='lat' dir='ltr'>illam</span> <span class='ocrx_word' id='word_1_70' title='bbox 181 1794 420 1877; x_wconf 83' lang='lat' dir='ltr'>democratiam</span> <span class='ocrx_word' id='word_1_71' title='bbox 441 1804 560 1877; x_wconf 86' lang='lat' dir='ltr'>evertit</span> <span class='ocrx_word' id='word_1_72' title='bbox 582 1802 617 1875; x_wconf 87' lang='lat' dir='ltr'>in</span> <span class='ocrx_word' id='word_1_73' title='bbox 638 1804 702 1903; x_wconf 71' lang='lat' dir='ltr'>qud</span> <span class='ocrx_word' id='word_1_74' title='bbox 717 1812 858 1903; x_wconf 78' lang='lat' dir='ltr'>majores</span> <span class='ocrx_word' id='word_1_75' title='bbox 878 1804 980 1878; x_wconf 84' lang='lat' dir='ltr'>nostri</span> 
     </span>
    </p>

    <p class='ocr_par' dir='ltr' id='par_1_7' title="bbox 30 1921 979 2026">
     <span class='ocr_line' id='line_1_12' title="bbox 30 1921 979 2026; baseline 0.007 -33"><span class='ocrx_word' id='word_1_76' title='bbox 30 1992 31 2015; x_wconf 15' lang='grc' dir='ltr'>ἒ</span> <span class='ocrx_word' id='word_1_77' title='bbox 79 1921 239 1996; x_wconf 75' lang='lat' dir='ltr'>feliriffinri</span> <span class='ocrx_word' id='word_1_78' title='bbox 257 1948 350 1997; x_wconf 87' lang='lat' dir='ltr'>erant</span> <span class='ocrx_word' id='word_1_79' title='bbox 365 1926 577 2010; x_wconf 72' lang='lat' dir='ltr'>Graecorum,</span> <span class='ocrx_word' id='word_1_80' title='bbox 595 1934 630 1999; x_wconf 92' lang='lat'>&amp;</span> <span class='ocrx_word' id='word_1_81' title='bbox 647 1924 792 2026; x_wconf 90' lang='lat' dir='ltr'>denique</span> <span class='ocrx_word' id='word_1_82' title='bbox 812 1926 979 2000; x_wconf 86' lang='lat' dir='ltr'>malorum</span> 
     </span>
    </p>

    <p class='ocr_par' dir='ltr' id='par_1_8' title="bbox 30 2024 1022 2149">
     <span class='ocr_line' id='line_1_13' title="bbox 80 2043 1022 2149; baseline 0.005 -32.748"><span class='ocrx_word' id='word_1_83' title='bbox 80 2043 136 2117; x_wconf 71' lang='lat' dir='ltr'>fere</span> <span class='ocrx_word' id='word_1_84' title='bbox 148 2046 303 2119; x_wconf 91' lang='lat' dir='ltr'>omnium</span> <span class='ocrx_word' id='word_1_85' title='bbox 316 2045 410 2119; x_wconf 88' lang='lat' dir='ltr'>causa</span> <span class='ocrx_word' id='word_1_86' title='bbox 424 2046 487 2119; x_wconf 88' lang='lat' dir='ltr'>fuit</span> <span class='ocrx_word' id='word_1_87' title='bbox 498 2075 569 2148; x_wconf 86' lang='lat' dir='ltr'>quae</span> <span class='ocrx_word' id='word_1_88' title='bbox 581 2047 771 2149; x_wconf 84' lang='lat' dir='ltr'>&amp;patimur</span> <span class='ocrx_word' id='word_1_89' title='bbox 781 2056 817 2122; x_wconf 75' lang='grc' dir='ltr'>δε</span> <span class='ocrx_word' id='word_1_90' title='bbox 831 2046 978 2123; x_wconf 84' lang='lat' dir='ltr'>facimus.</span> <span class='ocrx_word' id='word_1_91' title='bbox 1017 2142 1022 2149; x_wconf 87' lang='lat'>.</span> 
     </span>
    </p>

    <p class='ocr_par' dir='ltr' id='par_1_9' title="bbox 30 2158 981 2270">
     <span class='ocr_line' id='line_1_14' title="bbox 30 2158 981 2270; baseline 0.008 -35"><span class='ocrx_word' id='word_1_92' title='bbox 30 2158 32 2215; x_wconf 62' lang='lat' dir='ltr'>i</span> <span class='ocrx_word' id='word_1_93' title='bbox 81 2164 230 2263; x_wconf 88' lang='lat' dir='ltr'>Equidem</span> <span class='ocrx_word' id='word_1_94' title='bbox 244 2167 335 2241; x_wconf 89' lang='lat' dir='ltr'>haud</span> <span class='ocrx_word' id='word_1_95' title='bbox 351 2168 469 2268; x_wconf 85' lang='lat' dir='ltr'>ignoro</span> <span class='ocrx_word' id='word_1_96' title='bbox 494 2168 595 2269; x_wconf 75' lang='lat' dir='ltr'>qudrn</span> <span class='ocrx_word' id='word_1_97' title='bbox 619 2166 754 2243; x_wconf 85' lang='lat' dir='ltr'>difficile</span> <span class='ocrx_word' id='word_1_98' title='bbox 770 2168 808 2241; x_wconf 85' lang='lat' dir='ltr'>stt</span> <span class='ocrx_word' id='word_1_99' title='bbox 823 2193 860 2241; x_wconf 90' lang='lat' dir='ltr'>ut</span> <span class='ocrx_word' id='word_1_100' title='bbox 878 2168 905 2241; x_wconf 90' lang='lat' dir='ltr'>is</span> <span class='ocrx_word' id='word_1_101' title='bbox 921 2168 981 2270; x_wconf 88' lang='lat' dir='ltr'>qui</span> 
     </span>
    </p>

    <p class='ocr_par' dir='ltr' id='par_1_10' title="bbox 30 2286 982 2393">
     <span class='ocr_line' id='line_1_15' title="bbox 30 2286 982 2393; baseline 0.004 -36"><span class='ocrx_word' id='word_1_102' title='bbox 30 2368 31 2393; x_wconf 15' lang='grc' dir='ltr'>ᾗ</span> <span class='ocrx_word' id='word_1_103' title='bbox 83 2286 111 2357; x_wconf 91' lang='lat' dir='ltr'>in</span> <span class='ocrx_word' id='word_1_104' title='bbox 124 2286 331 2376; x_wconf 85' lang='lat' dir='ltr'>dominatum</span> <span class='ocrx_word' id='word_1_105' title='bbox 347 2289 444 2362; x_wconf 91' lang='lat' dir='ltr'>istum</span> <span class='ocrx_word' id='word_1_106' title='bbox 463 2288 631 2363; x_wconf 87' lang='lat' dir='ltr'>invehitur</span> <span class='ocrx_word' id='word_1_107' title='bbox 651 2316 886 2391; x_wconf 18' lang='lat' dir='ltr'>quemlomnes</span> <span class='ocrx_word' id='word_1_108' title='bbox 900 2289 982 2362; x_wconf 83' lang='lat' dir='ltr'>ada-</span> 
     </span>
    </p>

    <p class='ocr_par' dir='ltr' id='par_1_11' title="bbox 30 2406 983 2510">
     <span class='ocr_line' id='line_1_16' title="bbox 30 2406 983 2510; baseline 0.003 -29"><span class='ocrx_word' id='word_1_109' title='bbox 30 2406 31 2471; x_wconf 69' lang='lat'>}</span> <span class='ocrx_word' id='word_1_110' title='bbox 84 2410 183 2496; x_wconf 50' lang='lat' dir='ltr'>mantss</span> <span class='ocrx_word' id='word_1_111' title='bbox 198 2420 233 2484; x_wconf 73' lang='grc' dir='ltr'>δι</span> <span class='ocrx_word' id='word_1_112' title='bbox 250 2412 374 2510; x_wconf 91' lang='lat' dir='ltr'>dequo</span> <span class='ocrx_word' id='word_1_113' title='bbox 389 2412 603 2485; x_wconf 88' lang='lat' dir='ltr'>vehementer</span> <span class='ocrx_word' id='word_1_114' title='bbox 616 2411 848 2498; x_wconf 86' lang='lat' dir='ltr'>contendunt,</span> <span class='ocrx_word' id='word_1_115' title='bbox 866 2410 983 2484; x_wconf 85' lang='lat' dir='ltr'>tolera·</span> 
     </span>
    </p>

    <p class='ocr_par' dir='ltr' id='par_1_12' title="bbox 30 2516 983 2633">
     <span class='ocr_line' id='line_1_17' title="bbox 85 2527 983 2631; baseline 0.002 -30.885"><span class='ocrx_word' id='word_1_116' title='bbox 85 2527 233 2631; x_wconf 87' lang='lat' dir='ltr'>bilequid</span> <span class='ocrx_word' id='word_1_117' title='bbox 252 2532 402 2605; x_wconf 83' lang='lat' dir='ltr'>videatur</span> <span class='ocrx_word' id='word_1_118' title='bbox 417 2532 535 2605; x_wconf 84' lang='lat' dir='ltr'>dicere.</span> <span class='ocrx_word' id='word_1_119' title='bbox 558 2534 804 2608; x_wconf 82' lang='lat' dir='ltr'>Verumtamen</span> <span class='ocrx_word' id='word_1_120' title='bbox 822 2531 983 2630; x_wconf 86' lang='lat' dir='ltr'>quoniam</span> 
     </span>
    </p>

    <p class='ocr_par' dir='ltr' id='par_1_13' title="bbox 30 2650 981 2759">
     <span class='ocr_line' id='line_1_18' title="bbox 30 2650 981 2753; baseline 0.002 -30"><span class='ocrx_word' id='word_1_121' title='bbox 30 2726 33 2746; x_wconf 86' lang='lat'>.</span> <span class='ocrx_word' id='word_1_122' title='bbox 86 2678 143 2749; x_wconf 80' lang='lat' dir='ltr'>qnae</span> <span class='ocrx_word' id='word_1_123' title='bbox 153 2650 295 2753; x_wconf 75' lang='lat' dir='ltr'>superiirs</span> <span class='ocrx_word' id='word_1_124' title='bbox 305 2653 481 2728; x_wconf 65' lang='lat' dir='ltr'>dictasunt</span> <span class='ocrx_word' id='word_1_125' title='bbox 491 2651 651 2739; x_wconf 88' lang='lat' dir='ltr'>tuleritis,</span> <span class='ocrx_word' id='word_1_126' title='bbox 667 2668 745 2725; x_wconf 77' lang='lat' dir='ltr'>vera</span> <span class='ocrx_word' id='word_1_127' title='bbox 758 2651 814 2725; x_wconf 89' lang='lat' dir='ltr'>illa</span> <span class='ocrx_word' id='word_1_128' title='bbox 824 2652 981 2753; x_wconf 84' lang='lat' dir='ltr'>quidem,</span> 
     </span>
    </p>

    <p class='ocr_par' dir='ltr' id='par_1_14' title="bbox 30 2770 983 2874">
     <span class='ocr_line' id='line_1_19' title="bbox 30 2770 983 2874; baseline -0.005 -23"><span class='ocrx_word' id='word_1_129' title='bbox 30 2816 31 2851; x_wconf 61' lang='grc' dir='ltr'>ι</span> <span class='ocrx_word' id='word_1_130' title='bbox 88 2770 133 2845; x_wconf 85' lang='lat' dir='ltr'>sed</span> <span class='ocrx_word' id='word_1_131' title='bbox 146 2773 258 2850; x_wconf 83' lang='lat' dir='ltr'>odiosa</span> <span class='ocrx_word' id='word_1_132' title='bbox 266 2826 286 2861; x_wconf 86' lang='lat'>,-</span> <span class='ocrx_word' id='word_1_133' title='bbox 297 2782 334 2849; x_wconf 75' lang='grc' dir='ltr'>δε</span> <span class='ocrx_word' id='word_1_134' title='bbox 348 2798 385 2849; x_wconf 91' lang='lat' dir='ltr'>ut</span> <span class='ocrx_word' id='word_1_135' title='bbox 402 2775 468 2849; x_wconf 83' lang='lat' dir='ltr'>haec</span> <span class='ocrx_word' id='word_1_136' title='bbox 479 2799 613 2874; x_wconf 85' lang='lat' dir='ltr'>quoque</span> <span class='ocrx_word' id='word_1_137' title='bbox 629 2772 811 2848; x_wconf 76' lang='lat' dir='ltr'>sustineatis</span> <span class='ocrx_word' id='word_1_138' title='bbox 825 2771 983 2860; x_wconf 85' lang='lat' dir='ltr'>obsecro,</span> 
     </span>
    </p>

    <p class='ocr_par' dir='ltr' id='par_1_15' title="bbox 30 2896 984 2998">
     <span class='ocr_line' id='line_1_20' title="bbox 30 2896 984 2998; baseline 0.012 -35"><span class='ocrx_word' id='word_1_139' title='bbox 30 2900 32 2943; x_wconf 63' lang='lat'><strong>³</strong></span> <span class='ocrx_word' id='word_1_140' title='bbox 89 2919 177 2993; x_wconf 86' lang='lat' dir='ltr'>neque</span> <span class='ocrx_word' id='word_1_141' title='bbox 189 2923 242 2971; x_wconf 86' lang='lat' dir='ltr'>me</span> <span class='ocrx_word' id='word_1_142' title='bbox 255 2920 351 2969; x_wconf 82' lang='lat' dir='ltr'>tantae</span> <span class='ocrx_word' id='word_1_143' title='bbox 365 2896 497 2970; x_wconf 85' lang='lat' dir='ltr'>insaniae</span> <span class='ocrx_word' id='word_1_144' title='bbox 506 2896 984 2998; x_wconf 81' lang='lat' dir='ltr'>rondemnetis‚·utelegetim</span> 
     </span>
    </p>

    <p class='ocr_par' dir='ltr' id='par_1_16' title="bbox 30 2994 1044 3239">
     <span class='ocr_line' id='line_1_21' title="bbox 30 2994 1044 3116; baseline 0.006 -31"><span class='ocrx_word' id='word_1_145' title='bbox 30 2994 32 3085; x_wconf 67' lang='lat' dir='ltr'>i</span> <span class='ocrx_word' id='word_1_146' title='bbox 91 3016 160 3115; x_wconf 83' lang='lat' dir='ltr'>apud</span> <span class='ocrx_word' id='word_1_147' title='bbox 172 3045 228 3091; x_wconf 85' lang='lat' dir='ltr'>vos</span> <span class='ocrx_word' id='word_1_148' title='bbox 240 3017 341 3090; x_wconf 86' lang='lat' dir='ltr'>verba</span> <span class='ocrx_word' id='word_1_149' title='bbox 351 3014 457 3091; x_wconf 77' lang='lat' dir='ltr'>facere</span> <span class='ocrx_word' id='word_1_150' title='bbox 470 3016 513 3090; x_wconf 90' lang='lat' dir='ltr'>de</span> <span class='ocrx_word' id='word_1_151' title='bbox 524 3016 619 3089; x_wconf 77' lang='lat' dir='ltr'>rebus</span> <span class='ocrx_word' id='word_1_152' title='bbox 632 3014 753 3089; x_wconf 69' lang='lat' dir='ltr'>rsensu</span> <span class='ocrx_word' id='word_1_153' title='bbox 763 3016 890 3116; x_wconf 76' lang='lat' dir='ltr'>vhlgati</span> <span class='ocrx_word' id='word_1_154' title='bbox 899 3017 985 3091; x_wconf 76' lang='lat' dir='ltr'>aded</span> <span class='ocrx_word' id='word_1_155' title='bbox 1032 3098 1044 3108; x_wconf 24' lang='lat' dir='ltr'>fl</span> 
     </span>
     <span class='ocr_line' id='line_1_22' title="bbox 91 3134 986 3239; baseline 0.008 -34"><span class='ocrx_word' id='word_1_156' title='bbox 91 3134 343 3223; x_wconf 83' lang='lat' dir='ltr'>abhorrentibus,</span> <span class='ocrx_word' id='word_1_157' title='bbox 355 3136 417 3211; x_wconf 82' lang='lat' dir='ltr'>nist</span> <span class='ocrx_word' id='word_1_158' title='bbox 430 3136 513 3239; x_wconf 89' lang='lat' dir='ltr'>quid</span> <span class='ocrx_word' id='word_1_159' title='bbox 527 3137 598 3211; x_wconf 87' lang='lat' dir='ltr'>veri</span> <span class='ocrx_word' id='word_1_160' title='bbox 612 3136 655 3210; x_wconf 90' lang='lat' dir='ltr'>de</span> <span class='ocrx_word' id='word_1_161' title='bbox 669 3136 720 3210; x_wconf 92' lang='lat' dir='ltr'>his</span> <span class='ocrx_word' id='word_1_162' title='bbox 735 3136 915 3211; x_wconf 86' lang='lat' dir='ltr'>dicendum</span> <span class='ocrx_word' id='word_1_163' title='bbox 925 3138 986 3211; x_wconf 86' lang='lat' dir='ltr'>ha·</span> 
     </span>
    </p>

    <p class='ocr_par' dir='ltr' id='par_1_17' title="bbox 30 3236 985 3360">
     <span class='ocr_line' id='line_1_23' title="bbox 30 3236 985 3360; baseline 0.003 -31"><span class='ocrx_word' id='word_1_164' title='bbox 30 3236 31 3319; x_wconf 44' lang='grc' dir='ltr'>Ϊ</span> <span class='ocrx_word' id='word_1_165' title='bbox 91 3255 195 3335; x_wconf 84' lang='lat' dir='ltr'>berem.</span> <span class='ocrx_word' id='word_1_166' title='bbox 219 3262 320 3334; x_wconf 88' lang='lat' dir='ltr'>Nunc</span> <span class='ocrx_word' id='word_1_167' title='bbox 343 3262 422 3335; x_wconf 83' lang='lat' dir='ltr'>verb</span> <span class='ocrx_word' id='word_1_168' title='bbox 442 3260 583 3334; x_wconf 81' lang='lat' dir='ltr'>arbitror</span> <span class='ocrx_word' id='word_1_169' title='bbox 598 3240 657 3355; x_wconf 51' lang='lat' dir='ltr'>nme</span> <span class='ocrx_word' id='word_1_170' title='bbox 672 3258 811 3360; x_wconf 83' lang='lat' dir='ltr'>planum</span> <span class='ocrx_word' id='word_1_171' title='bbox 826 3259 985 3332; x_wconf 88' lang='lat' dir='ltr'>omnibus</span> 
     </span>
    </p>

    <p class='ocr_par' dir='ltr' id='par_1_18' title="bbox 30 3358 985 3604">
     <span class='ocr_line' id='line_1_24' title="bbox 30 3358 985 3482; baseline 0.004 -35"><span class='ocrx_word' id='word_1_172' title='bbox 30 3358 32 3367; x_wconf 44' lang='grc'><strong><em>’</em></strong></span> <span class='ocrx_word' id='word_1_173' title='bbox 92 3376 236 3477; x_wconf 73' lang='lat' dir='ltr'>fadnrnm</span> <span class='ocrx_word' id='word_1_174' title='bbox 260 3408 320 3453; x_wconf 88' lang='lat' dir='ltr'>nos</span> <span class='ocrx_word' id='word_1_175' title='bbox 341 3380 520 3482; x_wconf 87' lang='lat' dir='ltr'>imperium</span> <span class='ocrx_word' id='word_1_176' title='bbox 543 3378 695 3453; x_wconf 65' lang='lat' dir='ltr'>affectare</span> <span class='ocrx_word' id='word_1_177' title='bbox 715 3406 824 3479; x_wconf 86' lang='lat' dir='ltr'>neque</span> <span class='ocrx_word' id='word_1_178' title='bbox 841 3382 985 3479; x_wconf 82' lang='lat' dir='ltr'>justum,</span> 
     </span>
     <span class='ocr_line' id='line_1_25' title="bbox 91 3500 963 3604; baseline 0 -31"><span class='ocrx_word' id='word_1_179' title='bbox 91 3527 181 3602; x_wconf 87' lang='lat' dir='ltr'>neque</span> <span class='ocrx_word' id='word_1_180' title='bbox 194 3504 287 3604; x_wconf 87' lang='lat' dir='ltr'>quod</span> <span class='ocrx_word' id='word_1_181' title='bbox 301 3504 426 3604; x_wconf 88' lang='lat' dir='ltr'>acquiri</span> <span class='ocrx_word' id='word_1_182' title='bbox 438 3502 556 3604; x_wconf 76' lang='lat' dir='ltr'>podir,</span> <span class='ocrx_word' id='word_1_183' title='bbox 574 3527 683 3601; x_wconf 89' lang='lat' dir='ltr'>neque</span> <span class='ocrx_word' id='word_1_184' title='bbox 697 3500 794 3575; x_wconf 88' lang='lat' dir='ltr'>nobis</span> <span class='ocrx_word' id='word_1_185' title='bbox 812 3501 902 3589; x_wconf 84' lang='lat' dir='ltr'>urile.</span> <span class='ocrx_word' id='word_1_186' title='bbox 958 3558 963 3565; x_wconf 87' lang='lat'>.</span> 
     </span>
    </p>
   </div>
   <div class='ocr_carea' id='block_1_4' title="bbox 30 3716 1041 3992">
    <p class='ocr_par' dir='ltr' id='par_1_19' title="bbox 30 3716 1041 3992">
     <span class='ocr_line' id='line_1_26' title="bbox 30 3716 1041 3874; baseline -0.007 -24"><span class='ocrx_word' id='word_1_187' title='bbox 30 3752 32 3867; x_wconf 42' lang='lat' dir='ltr'>s</span> <span class='ocrx_word' id='word_1_188' title='bbox 106 3822 111 3829; x_wconf 91' lang='lat'>·</span> <span class='ocrx_word' id='word_1_189' title='bbox 135 3776 177 3849; x_wconf 75' lang='lat'>1⁰.</span> <span class='ocrx_word' id='word_1_190' title='bbox 196 3767 248 3847; x_wconf 82' lang='lat' dir='ltr'>Ac</span> <span class='ocrx_word' id='word_1_191' title='bbox 261 3756 407 3874; x_wconf 68' lang='lat' dir='ltr'>primm</span> <span class='ocrx_word' id='word_1_192' title='bbox 420 3734 627 3871; x_wconf 79' lang='lat' dir='ltr'>injtistumid</span> <span class='ocrx_word' id='word_1_193' title='bbox 642 3762 730 3863; x_wconf 80' lang='lat' dir='ltr'>effe,</span> <span class='ocrx_word' id='word_1_194' title='bbox 749 3716 1007 3854; x_wconf 58' lang='lat' dir='ltr'>avonisedoc÷&#39;</span> <span class='ocrx_word' id='word_1_195' title='bbox 1036 3763 1041 3771; x_wconf 78' lang='grc'>’</span> 
     </span>
     <span class='ocr_line' id='line_1_27' title="bbox 30 3888 842 3992; baseline -0.017 -17"><span class='ocrx_word' id='word_1_196' title='bbox 30 3888 31 3901; x_wconf 68' lang='lat'><strong>&#39;</strong></span> <span class='ocrx_word' id='word_1_197' title='bbox 293 3925 296 3929; x_wconf 96' lang='lat'>·</span> <span class='ocrx_word' id='word_1_198' title='bbox 753 3889 842 3992; x_wconf 76' lang='lat' dir='ltr'>oiij</span> 
     </span>
    </p>
   </div>
   <div class='ocr_carea' id='block_1_5' title="bbox 0 0 1406 4742">
    <p class='ocr_par' dir='ltr' id='par_1_20' title="bbox 0 0 1406 4742">
     <span class='ocr_line' id='line_1_28' title="bbox 0 0 1406 4742; baseline 0 0"><span class='ocrx_word' id='word_1_199' title='bbox 0 0 1406 4742; x_wconf 95' lang='lat' dir='ltr'> </span> 
     </span>
    </p>
   </div>
  </div>
 </body>
</html>
