2750 4742
199 391 203 403 »
287 345 815 427 PANATHENA'ICUS.
940 372 1005 442 523

110 492 321 569 removendos
353 495 415 568 esse
445 491 666 592 unusquisque
697 490 891 585 censebatq'
908 513 1008 589 atque

111 637 161 683 eos
181 635 331 711 praetetea
346 615 428 714 qui,
447 641 551 713 quum
570 613 710 686 aliorum
727 611 1007 712 posseffionesrei·

108 719 237 829 publica
262 732 324 806 esse
348 734 482 818 dicant,
513 735 657 833 proprias
677 732 825 831 ejusdem
848 727 1007 830 reipubli-

109 879 147 924 cae
174 878 250 952 opes
278 851 419 954 diripere
450 853 570 926 audent
598 881 634 926 ac
664 852 883 954 depeculari,
914 859 949 922 δι
973 847 1009 922 se

108 997 210 1045 amate
232 953 391 1074 populum
415 972 567 1047 stmulant
590 999 692 1072 quem
716 972 802 1073 apud
825 970 904 1044 alios
930 996 1007 1040 om·
1040 1041 1055 1073 ·,

105 1117 158 1176 nes
180 1093 214 1163 in
240 1092 357 1167 odium
383 1093 572 1182 adducunt,
597 1101 632 1164 δι
655 1091 735 1189 qui,
762 1117 866 1190 quum
888 1088 1008 1159 Graecis

107 1210 202 1284 verbo
219 1237 389 1299 metuant,
409 1214 482 1285 illos
498 1211 601 1311 reipsd
616 1234 735 1286 vexant
751 1221 785 1284 &
802 1207 1007 1282 calumnian-

105 1355 173 1420 tur,
189 1333 383 1407 &efficiunt
395 1358 432 1407 ut
444 1333 488 1406 itai
501 1333 577 1434 ergd
592 1361 651 1404 nos
666 1333 730 1405 sint
741 1330 869 1415 affesti,
889 1353 925 1431 ut
938 1327 1008 1431 ple·

103 1479 204 1552 reque
217 1456 362 1528 civitates
376 1455 470 1528 bellis
486 1455 678 1528 conflistatae
694 1453 848 1527 libentiit's
863 1459 898 1525 &
912 1449 1007 1524 citiits

103 1571 204 1647 hostes
226 1575 485 1649 intromitterent
502 1574 601 1674 qudm
621 1577 733 1669 nostra
746 1573 899 1676 praesrdia.
920 1573 1007 1645 Scri·
1108 1567 1111 1573 ¹

102 1693 208 1768 bendo
221 1721 332 1769 autem
345 1695 516 1780 deficeret,
530 1694 553 1769 sr
565 1697 637 1794 quis
651 1679 766 1768 omnia
783 1696 918 1766 istorum
933 1691 1004 1765 sce·
1075 1675 1083 1719 ³

102 1813 166 1888 lera
176 1825 212 1888 δε
226 1815 452 1917 improbitates
467 1815 632 1891 recensere
645 1818 744 1890 fuerit
755 1814 924 1917 aggressus.

113 2053 118 2062 ’
143 2027 235 2118 Quas
243 2025 752 2127 improbitates&improborum
760 2025 1004 2126 ingeniaquutn

100 2155 235 2244 majores
250 2148 352 2223 nostri
365 2146 525 2233 odissent,
540 2174 609 2220 non
622 2149 745 2222 cernerd
753 2147 916 2246 quossibet
923 2175 1009 2221 conc

100 2266 229 2342 stliarios
241 2269 489 2370 &magistratus
501 2269 668 2355 fecerunt,
683 2269 741 2342 sed
750 2269 894 2370 optimos
904 2293 1004 2366 quos·
1073 2346 1078 2354 ⁴

101 2414 161 2485 que
175 2398 212 2461 δι
229 2389 515 2489 prudentissimos,
532 2417 568 2462 ac
585 2390 658 2464 vitae
671 2374 858 2489 integritate
875 2388 1004 2489 speda-

101 2506 244 2582 tissimos.
270 2510 382 2608 Atque
392 2510 528 2584 eosdem
541 2511 602 2584 hos
612 2511 682 2584 nim
696 2512 849 2586 creabant
860 2514 1004 2613 impera-

100 2650 208 2714 tores,
234 2628 330 2715 titm,
354 2630 378 2704 fi
400 2631 535 2729 quando
561 2631 687 2706 necesse
709 2657 805 2720 erat,
829 2633 1006 2707 mittebant
1104 2687 1106 2692 ·

99 2747 220 2849 legatos
234 2803 247 2835 ,
265 2750 336 2826 ttim
352 2752 465 2824 omnia
479 2753 618 2826 civitatis
633 2755 773 2857 imperia
785 2754 848 2828 illis
862 2755 1003 2854 mandn7

100 2867 201 2966 bant;
227 2872 444 2946 existimantes
467 2873 588 2947 scilicet
612 2901 667 2948 eos
691 2877 750 2975 qui
765 2903 826 2977 pro
843 2877 1009 2982 concione¹
1072 2967 1080 2978 .

99 2993 225 3090 optima
235 2992 368 3065 suadere
378 3002 413 3065 &
423 2993 547 3066 vellent
556 3003 591 3067 &
600 2995 744 3095 possent,
757 2997 892 3070 eosdem
901 2997 1002 3070 etiam

99 3111 253 3218 seorsim,
268 3115 421 3204 omnibus
434 3116 605 3190 inlotis&
620 3117 662 3190 de
675 3117 830 3189 omnibus
841 3118 1003 3217 negotiis,

100 3215 221 3346 codem
236 3237 349 3310 animo
366 3236 508 3311 futuros:
530 3264 599 3344 quae
609 3237 747 3337 quidem
758 3235 821 3310 illis
835 3261 871 3310 ut
887 3236 1006 3326 rebanf

99 3357 383 3458 turconrigetunr.
710 3352 714 3364 ’

105 3713 112 3720 .
151 3643 196 3739 [l.
217 3649 268 3743 1.]
293 3670 345 3725 Pro
361 3657 482 3732 cistriae
496 3666 593 3726 malint
605 3650 675 3746 piato
686 3664 731 3745 ycl
744 3649 846 3744 qi‘nioer.
