2750 4742
292 400 295 405 ’
388 396 708 459 ANALrsls.
945 418 1000 476 4²1

116 515 339 584 Philolaconent
350 521 449 585 itertirn
456 522 557 585 refutat
566 544 673 585 orator:

117 626 160 685 1⁰.
184 629 239 685 Per
259 625 358 688 locum
373 649 550 690 communem
564 648 621 711 quo
639 622 749 712 egregii
765 624 884 688 ostendit
901 624 1001 689 lauda·

77 724 191 790 tiffimas
203 748 257 807 per
268 725 300 791 se
311 728 388 791 dotes
397 730 544 792 laudandas
554 728 607 791 effe
616 730 662 793 vel
672 730 864 812 vituperandas
877 750 958 811 prout
966 732 1002 792 iis

78 826 208 891 homines
218 830 300 893 benc
310 832 356 895 vel
365 832 437 927 maie
451 852 573 895 utuntur.

119 943 166 995 ι’.
189 934 350 999 Ιιιΐιᾶιιιιι
365 936 540 999 vehementer
553 947 746 1019 Spartanorum
757 938 935 999 concordiam
946 938 1002 1021 qui

78 1038 111 1100 ad
123 1042 285 1121 perniciem
298 1046 455 1103 Graecorum
466 1041 505 1103 ufi
517 1041 586 1103 sunt.

118 1142 271 1225 Expofitio
283 1166 379 1207 eorum
390 1167 451 1228 qua
460 1145 672 1229 disputationem
684 1143 747 1207 sunt
757 1142 916 1215 consecuta,
928 1152 957 1206 δι
967 1143 1003 1206 de

79 1244 185 1307 edendi
197 1248 333 1307 oratione
346 1248 518 1311 deliberatio.

117 1349 310 1411 Advocantur
319 1351 408 1432 plures
419 1349 544 1413 Isocratis
558 1350 703 1434 discipuli,
717 1359 744 1413 δι
761 1347 912 1413 consulitur
928 1348 1004 1412 idem

80 1455 224 1515 Laconum
237 1472 371 1513 amator·
362 1475 437 1536 ,qur
428 1453 577 1537 quidem,

121 1554 352 1619 ffiArtificium
368 1559 502 1619 orationis
515 1552 599 1620 sustris
609 1557 744 1640 explicat,
755 1564 784 1619 &
794 1498 890 1640 aliqua
899 1555 953 1619 δι’
944 1555 1004 1639 ipsa

83 1575 217 1745 m1gistm
231 1659 286 1721 suo
297 1660 419 1722 modeste
432 1660 480 1722 dat
492 1660 613 1723 consilia.

123 1772 169 1825 2⁹.
190 1764 473 1827 Lacedaemoniorum
493 1763 587 1843 laudes
608 1760 728 1826 recenset
747 1786 782 1825 ex
800 1760 859 1845 ipsi
878 1764 1005 1823 oratione

84 1863 274 1947 depromptas.

124 1976 170 2041 3⁰.
199 1967 423 2055 Congratulatur
442 1969 556 2029 Isocrati
578 1968 616 2028 ob
638 1964 766 2049 scriptam
784 1970 957 2042 orationem,
976 1975 1004 2029 εἰ

85 2068 262 2133 immortales
274 2069 393 2133 honores
403 2071 563 2153 pollicetur
575 2068 713 2132 hortando
722 2070 897 2131 utearnedar
904 2090 1005 2153 quant·

87 2172 215 2256 primurn.

124 2276 302 2358 Approbatio
312 2276 376 2339 data
387 2275 577 2358 philolaconi,
596 2284 624 2339 δι
643 2279 728 2339 totius
740 2278 873 2338 orationis
888 2276 1003 2337 conclu·

90 2378 134 2442 sto.
149 2380 404 2445 Enarrantursasta
414 2382 507 2464 aliqua
519 2382 719 2444 adorationem
730 2379 896 2464 ΐριᾶιιιιὶι,
911 2400 1004 2440 recen·

90 2480 177 2545 sentur
190 2490 280 2548 variae
297 2488 454 2547 orationum
476 2482 596 2566 species,
615 2493 643 2547 ει
661 2488 683 2545 ii
700 2501 847 2545 monentur
864 2483 913 2564 qui
931 2480 1002 2543 hanc

90 2586 184 2651 lecturi
194 2589 271 2655 sunt.

128 2795 168 2854 Ex
182 2795 245 2877 ipso
259 2794 396 2866 Isocrate,
414 2791 621 2877 quatuordecim
642 2797 670 2851 ει
689 2787 834 2875 octoginta
845 2806 931 2849 annot
948 2783 1006 2867 ipse

93 2878 167 2957 uatus
178 2919 239 2959 erat
250 2919 338 2981 quum
349 2897 420 2959 hanc
432 2901 585 2957 orationem
603 2892 718 2955 scribere
738 2894 856 2974 incepit:
876 2890 951 2952 edita
966 2888 1006 2951 est

93 2999 208 3061 triennio
220 3000 284 3083 post
295 3048 304 3077 ,
316 2997 346 3060 id
358 2998 396 3061 est
407 3020 494 3083 quum
505 3016 599 3059 orator
609 2994 812 3083 octogesimum
825 3004 852 3056 δι
865 2992 1007 3055 octodeci-

96 3121 169 3165 mum
183 3124 290 3167 annum
302 3122 411 3191 ageret,
426 3100 489 3165 ante
504 3100 645 3167 Christum
661 3122 673 3184 ι
681 3126 728 3181 39.

499 3442 603 3527 Ψ
