2750 4742
238 323 457 399 HELENAE
489 320 796 397 LAUDATIO.
909 350 974 418 349

73 466 151 539 dere
173 468 336 554 modum,
359 478 396 543 δε
416 493 534 542 vereor
554 494 599 540 ne
622 467 783 567 aliquibus
801 464 913 541 videar
929 466 974 539 de

72 588 201 673 Theseo
223 590 372 663 laborare
386 591 491 691 magis
511 589 613 688 quim
638 591 682 664 de
704 590 743 663 eal
765 590 807 663 de
829 588 895 687 qual
917 614 973 661 me

71 707 232 781 dicturum
245 710 344 783 initio
363 708 528 810 proposui.
551 711 637 801 Quae
653 733 791 808 utraque
807 736 912 808 quum
928 707 973 779 itd

71 827 103 899 se
115 830 276 916 habeant,
290 831 432 931 plurima
441 810 597 903 omittere
607 831 702 904 statui
713 854 846 931 propter
858 854 973 903 moto-

70 949 120 1021 sos
136 950 323 1036 auditores,
342 979 379 1024 ac
401 975 508 1024 cetera
526 953 626 1050 qualm
648 977 767 1051 potero
787 950 972 1024 brevissimd

72 1060 272 1168 percurrere3
286 1094 323 1143 ut
337 1070 456 1170 partlm
469 1070 553 1155 illis,
569 1071 690 1171 partlm
711 1070 794 1143 mihi
817 1070 884 1171 ipse
901 1096 972 1169 gra·

72 1189 190 1274 tificer,
214 1215 322 1289 neque
342 1189 473 1291 prorstls
490 1190 556 1262 istis
570 1190 686 1263 cedam
701 1191 758 1289 qui
775 1188 971 1262 consubrunt

71 1308 215 1383 invidere
231 1320 267 1383 &
279 1311 394 1396 omnia
402 1337 474 1409 quat
485 1309 638 1383 dicuntur
648 1308 804 1382 cavillari.

121 1434 171 1521 3⁰.
198 1428 438 1502 Fortitudinem
461 1428 560 1529 igitur
585 1430 677 1501 suam
703 1428 846 1501 ostendit
865 1428 900 1500 in
921 1428 973 1501 his

70 1552 263 1625 facinoribus
278 1553 314 1624 in
330 1552 449 1650 quibus
465 1548 532 1651 ipse
548 1548 636 1623 solus
649 1550 828 1651 pugnavit3
845 1549 892 1621 rei
909 1551 971 1622 mi·

70 1652 165 1743 litatis
178 1670 369 1756 scientiam,
381 1670 416 1743 in
427 1670 543 1771 praeliis
554 1671 717 1770 inquibus
727 1670 884 1771 pugnavit
894 1697 970 1742 cum

70 1794 212 1867 universd
227 1796 381 1890 civitate3
400 1795 558 1894 pietatem
575 1793 652 1894 etgal
663 1794 778 1878 Deos,
791 1794 827 1865 in
838 1792 970 1867 Adrasti

71 1915 298 1990 &liberorum
318 1917 469 1991 Herculis
487 1916 795 2017 supplicationibus:
814 1944 891 1988 nam
907 1916 967 1988 hos

70 2038 221 2134 quidem,
241 2039 353 2140 ptaelio
376 2039 472 2114 vidis
485 2034 819 2137 ¹Peloponnenlibus,
835 2034 968 2109 conset-

72 2159 173 2254 vavit3
187 2158 238 2231 illi
248 2186 381 2246 autem,
399 2186 456 2231 eos
469 2156 595 2257 quisub
606 2156 757 2231 Cadmei
767 2154 967 2240 ceciderant,

71 2276 233 2350 Thebanis
246 2279 378 2363 invitis,
396 2277 598 2379 sepeliendos
614 2274 767 2352 tradidit:
780 2298 900 2349 ceteras
910 2275 969 2347 de-

71 2396 163 2495 nique
179 2400 315 2472 virtutes
330 2408 367 2473 &
379 2398 644 2472 moderationem
655 2397 731 2470 ciam
741 2397 776 2469 in
787 2396 967 2497 praedidic,

71 2515 880 2617 tirminedqudcivitatemadministravitratione.
969 2592 975 2598 ,

113 2647 167 2729 4⁰.
179 2641 297 2730 Quum
311 2639 402 2711 enim
413 2636 690 2727 animadverteret
702 2662 758 2708 eos
770 2637 828 2733 qui
841 2635 966 2709 civibus

71 2760 208 2857 pervim
226 2761 388 2861 imperare
407 2758 732 2857 studerenntervire
750 2744 844 2853 aliis,
858 2768 892 2831 &
908 2760 966 2858 qui

70 2880 174 2951 ceteris
196 2881 300 2953 vitam
322 2879 498 2954 redderent
514 2878 751 2979 periculosam,
773 2876 858 2979 ipsos
874 2904 966 2955 metu

71 3002 247 3097 perterritos
270 3002 405 3087 vivete,
426 3002 566 3102 cogique
590 3000 677 3073 bella
700 3026 812 3101 gerere
833 3011 868 3075 &
888 3029 965 3075 cum

72 3120 185 3195 civibus
197 3124 313 3195 contral
324 3148 474 3227 externos
489 3124 614 3207 hostes,
635 3132 669 3195 &
681 3150 756 3194 cum
768 3118 964 3221 quibusdam

114 3324 154 3417 [l.
171 3327 224 3419 2.]
238 3342 290 3404 Vel
301 3342 337 3401 ad
350 3334 403 3406 ‘tir
415 3336 527 3427 ἆρχῆν,
540 3340 600 3403 sub.
612 3330 689 3406 eald
699 3348 727 3400 &
739 3341 774 3400 ad
786 3339 962 3421 ὑπεθέμην,

73 3435 124 3497 sub.
133 3440 226 3520 λέγων
238 3448 266 3499 δι
279 3441 474 3520 interpretare,
487 3439 522 3497 de
533 3438 587 3519 qual
598 3459 643 3497 me
655 3437 793 3498 distratum
803 3440 884 3497 initio
895 3460 963 3521 pro-

72 3533 163 3611 posui,
181 3539 225 3598 vel
245 3537 384 3621 conjunge
403 3529 455 3599 cii
472 3530 564 3621 ἀρχὴν
583 3556 647 3594 curn
665 3532 823 3614 doublure
836 3581 845 3607 ,
859 3536 893 3595 de
909 3536 963 3617 qus
1072 3600 1075 3605 ,

72 3633 116 3708 ieci
130 3634 362 3708 fundamentum,
380 3636 399 3696 i.
413 3656 437 3693 e.
451 3632 485 3693 de
495 3630 550 3714 qud
560 3635 687 3695 nuntiavi
698 3652 742 3692 mc
754 3631 900 3727 distratum.
914 3718 919 3725 .
