2750 4742
211 399 213 406 .
287 292 830 416 ununtutnnmus.
941 364 1004 442 51³

83 475 318 582 minibusque
337 475 489 585 partam,
512 509 583 582 quae
603 483 640 556 in
661 511 764 558 omne
782 509 910 588 tempus
933 487 1011 562 esset

88 604 392 698 concelebranda,
416 605 541 705 ignava
566 605 732 706 beataque
753 607 829 692 vita
848 609 1009 711 ptaetulit,

87 718 210 824 quam
226 726 284 827 ipsi
303 728 338 798 in
355 727 522 828 praesentid
541 752 680 826 regnum
697 726 864 803 offerebat.
885 731 929 802 Et
941 730 1010 807 hac

88 847 195 945 egit,
209 875 280 919 non
292 846 349 920 ubi
361 847 595 932 consenuisset,
609 845 818 947 prasentibus
833 850 931 923 bouis
942 860 1012 949 jam

91 962 263 1064 satiatus3
280 966 338 1040 sed
354 965 427 1068 ipso
445 967 544 1040 atatis
566 967 670 1051 flore,
692 966 882 1054 civitatem,
905 993 943 1042 ut
958 968 1011 1044 fe-

80 1109 202 1172 runt,
221 1086 427 1158 multitudini
440 1086 586 1188 permisit
599 1086 911 1184 administrandam
928 1088 1011 1165 ditm

90 1203 172 1302 ipse
190 1204 262 1276 tirm
273 1231 334 1307 pro
347 1205 409 1291 ed,
427 1205 497 1278 tinn
509 1233 569 1306 pro
585 1206 656 1280 aliis
669 1208 808 1292 Gratis,
822 1206 913 1280 adite
924 1208 1012 1308 peri·
1036 1255 1039 1262 -

91 1324 176 1398 cula
189 1352 259 1398 non
274 1324 439 1400 destiterit.

153 1933 210 2008 Ac
225 1928 267 2008 de
283 1926 407 2008 Thesei
425 1927 562 2035 quidem
581 1925 701 2008 virtute
718 1951 827 2020 nunc,
841 1958 878 2006 ut
893 1930 1008 2020 licuit,

94 2051 273 2130 audientes
287 2054 538 2140 admonuimus,
552 2053 698 2128 facinora
709 2063 777 2153 ejus
792 2053 906 2126 omnia
926 2055 1011 2129 olim

96 2201 173 2250 non
186 2173 392 2278 negligenter
406 2175 565 2276 persecuti
578 2206 586 2248 τ
602 2173 645 2248 de
657 2173 722 2248 illis
733 2198 842 2248 autern
855 2177 913 2275 qui
924 2176 1009 2250 civi·

98 2297 177 2370 tatis
198 2293 356 2396 regenda
370 2321 480 2368 cutam
505 2291 546 2368 ab
564 2293 623 2367 illo
645 2291 872 2394 susceperunt,
897 2292 1008 2366 nescio
1038 2297 1048 2368 ,“

95 2417 217 2516 quales'
231 2418 375 2490 diurnus
387 2413 447 2490 fim
464 2415 574 2498 laudes
589 2469 599 2500 ,
615 2442 686 2514 quae
699 2411 762 2486 lint
771 2412 878 2514 dignae
893 2414 1009 2489 talium

98 2538 251 2610 virorum
265 2535 431 2639 sapientid.
456 2535 545 2627 Qui,
559 2559 662 2633 quum
675 2533 778 2607 varias
787 2533 1007 2633 rerumpubli-

98 2683 214 2732 carum
229 2655 351 2730 formas
364 2656 575 2756 ignorarent,
588 2655 624 2726 in
638 2653 817 2754 deligendo
830 2677 900 2725 non
915 2653 1007 2726 aber-

99 2779 216 2852 rirunt
237 2777 279 2850 ab
300 2777 338 2850 ed
359 2773 530 2877 republici·
544 2801 645 2875 quarn
668 2775 867 2849 confitentur
889 2803 1006 2850 omnes

100 2922 172 2972 non
190 2897 455 2972 humanissimam
480 2896 608 2971 tuntum
629 2905 664 2970 ὅ(
685 2897 896 2996 aequissimam
918 2897 1004 2982 esse,

100 3021 220 3094 vetum
235 3029 271 3094 δε
284 3018 439 3094 omnibus
453 3019 511 3118 qui
526 3019 595 3119 ipsit
616 3018 784 3091 urerentur
802 3017 1004 3092 utilissimanr
1097 3115 1099 3121 Ι

100 3149 135 3213 &
154 3142 428 3240 jucundissimam.
452 3137 699 3212 Democratiam
717 3139 809 3212 enim
828 3139 1005 3212 constitue·

100 3287 201 3350 tunt,
221 3290 290 3334 non
303 3287 376 3335 eam
389 3287 459 3362 quae
472 3282 581 3360 ageret
596 3261 738 3343 temetd‚
754 3268 790 3332 &
805 3259 841 3330 in
852 3245 1004 3359 petulan-

48 3443 50 3448 .
77 3417 80 3424 ¹
100 3381 367 3468 deliberarem,
387 3382 422 3452 in
441 3379 572 3454 licentid
584 3371 716 3478 quidvis
733 3376 852 3480 agendi
868 3377 1004 3452 felicita·

102 3527 191 3596 tem,
212 3501 408 3586 collocaret,
427 3499 486 3574 sed
505 3524 579 3573 earn
594 3525 665 3598 qure
685 3497 764 3572 talia
779 3496 1002 3598 improbaret,
1055 3559 1059 3568 .

101 3645 199 3723 atque
215 3619 411 3704 aristocrarid
423 3643 588 3718 uteretut3
610 3645 683 3696 eam
699 3644 800 3720 quam
819 3615 922 3718 reipsd
938 3617 1005 3692 uti-

204 3748 305 3820 Tome
327 3747 350 3814 I
351 3749 380 3818 I.
790 3740 824 3808 K
842 3736 870 3809 k
