2750 4742
32 430 34 437 y
168 334 604 413 ‘AREOPAGITICA
631 337 859 414 ORATIO.
917 370 983 437 127

32 458 34 521 l
86 486 116 559 in
130 484 220 559 tribua
233 485 360 570 divisi,
379 513 459 587 agro
472 486 643 587 in'pagos,
658 484 852 586 spediabant
868 489 985 563 unius-

32 586 33 677 s
87 616 224 707 cujusque
236 607 363 689 vitam,
384 614 420 680 dt
435 606 551 706 partim
565 606 713 683 modeste
727 606 764 682 se
779 634 931 709 gerentes
947 612 984 683 in

88 731 224 801 Senatum
241 754 316 820 reos
330 727 505 803 ducebant.
533 730 564 803 It
584 752 697 803 autem
710 721 870 804 monebat
882 726 983 816 alios,

90 851 146 923 aliis
166 850 404 936 minitabatur,
430 850 539 936 alios,
565 875 600 923 ur
620 878 678 951 pat
700 876 792 937 erat,
816 851 984 953 puniebat.

89 972 166 1047 Duas
183 974 303 1075 quippe
317 974 463 1049 sciebant
480 972 543 1047 else
564 973 726 1059 tationes,
741 1002 813 1073 quae
824 983 861 1048 dc
875 974 917 1048 ad
929 976 985 1047 in-

32 1162 33 1167 ,
90 1096 169 1194 jurias
178 1095 374 1180 incitarent,
394 1105 429 1169 δι
442 1092 644 1168 &sceleribus
658 1117 862 1168 revocarent.
882 1095 986 1197 Apud

32 1196 33 1279 ζ
92 1197 257 1315 quotenim
273 1214 403 1288 nullum
416 1214 559 1287 studium
574 1216 619 1287 est
637 1215 762 1315 flagitia
778 1215 831 1289 vel
844 1215 985 1289 cavendi

32 1348 33 1351 ’
92 1338 133 1411 vel
145 1336 319 1437 puniendi,
338 1334 424 1438 apud
440 1363 523 1437 quos
538 1336 628 1409 nulla
638 1335 751 1410 severa
763 1324 885 1435 judicia
895 1365 987 1413 exet·

32 1506 33 1509 =
92 1484 186 1532 centur
198 1514 209 1546 ,
231 1458 319 1562 apud
341 1487 397 1532 eos
419 1460 520 1532 etiam
540 1458 630 1533 bona
652 1461 787 1559 ingenia
808 1461 986 1563 corrumpi.

32 1624 33 1655 t
93 1581 152 1653 Ubi
172 1584 247 1655 verb
271 1581 501 1681 delinquentes
525 1606 633 1680 neque
652 1580 748 1655 sacile
770 1580 962 1655 delitescant
973 1633 987 1669 ,
1055 1673 1057 1678 Ι

32 1780 34 1801 ι
93 1730 183 1802 neque
199 1704 346 1777 convisii
365 1701 458 1805 spem
479 1703 581 1776 veniae
599 1701 766 1787 habeant,
783 1702 832 1776 ibi
847 1702 987 1776 demtim

32 1852 34 1929 ζ
94 1818 193 1898 natura
218 1851 417 1925 morumque
446 1825 641 1925 pravitatem
667 1823 825 1924 paulatim
849 1825 986 1901 aboleri.

32 1932 33 1959 ³
94 1942 143 2016 His
155 1946 259 2044 itaque
273 1946 432 2046 cognitis,
445 1943 650 2044 poendstmul
666 1952 701 2015 &
714 1942 885 2044 diligentis
897 1947 984 2021 cives

96 2064 125 2135 in
144 2064 246 2139 officio
270 2065 497 2139 continebant.
526 2064 677 2137 Tanttim
701 2066 793 2138 enim
816 2066 928 2139 aberat
949 2090 986 2141 ot

98 2185 213 2259 laterent
222 2186 310 2289 ipsos
319 2188 345 2259 ii
356 2187 414 2286 qui
424 2184 628 2288 peccassent,
636 2198 671 2257 ut
684 2186 761 2258 ante
775 2186 986 2261 animadver-

100 2330 188 2379 terent
209 2308 371 2407 quosnam
397 2306 570 2382 verisimile
594 2306 672 2381 esset
697 2297 886 2407 peccaturos
912 2306 986 2383 else.

40 2498 45 2512 ,
97 2432 309 2522 Quamobrem
324 2434 393 2503 non
409 2432 445 2502 in
458 2430 600 2503 tabernis
621 2428 750 2502 lusoriis
766 2428 988 2505 adolescentes

98 2551 305 2639 versabantur,
320 2579 380 2626 nec
391 2552 478 2653 apud
489 2551 661 2633 tibicinas,
677 2576 739 2623 nec
753 2548 788 2622 in
800 2548 991 2647 hujusmodi

99 2676 380 2761 conventiculis,in
388 2673 506 2775 quibus
517 2698 604 2746 nunc
617 2696 705 2745 totos
716 2671 786 2744 dies
798 2696 988 2772 conterunt3

101 2878 984 2907 maun-m

102 3025 172 3066 trater
182 3006 334 3068 Etthienfis
347 3008 571 3091 cognominatur.
585 3010 677 3086 Hujus
689 3008 728 3066 tei
738 3004 898 3083 tausasuir,
913 3007 990 3090 quiid

99 3105 156 3163 olim
169 3108 290 3187 plerique
306 3094 484 3166 Athenienses
499 3100 576 3165 extri
588 3106 685 3164 urbem
701 3104 878 3179 babititunt,
900 3106 990 3168 donec

34 3186 35 3221 ³
99 3203 295 3277 ‚turnemio
313 3198 456 3285 prmum,
475 3199 989 3274 deindelTheseo,inu1bcmsunt

99 3302 194 3361 madi:
215 3305 246 3361 in
270 3305 346 3379 eujus
363 3304 401 3360 tei
417 3304 583 3362 memoriam
596 3322 680 3383 parva
694 3308 722 3363 δι
735 3315 839 3385 magna
852 3302 991 3363 Panathe-

100 3413 147 3457 naea
159 3397 270 3460 fuerunt
283 3402 425 3474 instinctu
447 3408 476 3461 &
489 3410 583 3461 taimen
596 3403 669 3461 cives
690 3400 790 3460 vereris
810 3401 904 3479 patriae
916 3420 990 3484 cog-

36 3518 37 3523 *
99 3499 200 3557 nomina
214 3501 394 3558 retinuerunt.

35 3592 36 3595 ’
140 3576 184 3669 [1.
212 3604 264 3656 ¹18.
282 3581 296 3675 ]
326 3583 373 3657 'sai
390 3589 554 3679 uttpapt‘at,
578 3594 699 3660 tabernae
717 3592 847 3669 lusoria,
867 3589 883 3653 ³
903 3580 991 3677 etrapit

35 3692 36 3697 ’
99 3687 199 3755 frustula
211 3692 337 3777 quaedam
352 3696 500 3755 marmotis
513 3693 611 3774 quibus
624 3690 766 3753 ludebant.
