2750 4742
251 283 261 294 ”
322 279 850 358 rnnarurumcus.
974 311 1037 384 591

126 445 202 523 quae
212 427 415 503 confeffione
425 429 578 504 omnium
590 455 668 503 veta
680 428 775 515 sunt,
786 458 824 503 ac
833 429 954 504 Graecis
966 459 1044 533 pro-

126 547 265 624 fuerunt
274 551 473 652 plurimum,
487 561 523 626 δι
534 579 611 624 cum
621 552 718 625 rebus
728 554 822 654 gestis
833 554 1044 628 Lacedaemo-

125 670 262 746 niottun
279 673 466 758 consertes,
487 682 523 746 &
544 670 655 744 laudes
671 681 839 770 majorum
860 678 1042 747 vestrorum

124 802 343 896 conjungeres
364 823 442 867 cum
466 793 602 866 illorum
622 793 889 893 vituperatione3
915 819 992 869 tunc
1005 804 1042 870 &

122 916 315 1012 orationem
330 918 372 991 ab
388 915 596 990 audientibus
611 914 794 1014 judicatum
814 917 856 988 iri
877 921 1042 991 strenuam

106 1039 256 1140 magis,
272 1048 308 1112 &
323 1040 400 1111 rein
415 1039 477 1110 tuis
488 1037 642 1111 institutis
655 1039 907 1139 permansurum
920 1070 932 1137 3
950 1039 1043 1140 quod

122 1167 291 1257 majorem
313 1159 375 1232 tibi
389 1157 476 1260 apud
495 1158 675 1231 nonnullos
694 1160 946 1233 conciliaturum
964 1162 1044 1246 effet

122 1279 405 1376 admirationem,
424 1279 525 1380 quim
541 1307 578 1353 ea
589 1307 660 1380 quae
675 1305 711 1353 tu
723 1308 871 1380 unquam
884 1281 1043 1384 scripfisti.

111 1403 229 1496 ¹Initio
246 1403 345 1503 igitur
357 1403 442 1475 mihi
453 1401 574 1488 videris
589 1402 634 1475 itd
645 1429 696 1475 res
711 1402 891 1489 ordinasse,
910 1403 1042 1476 &istud

121 1522 169 1595 de
178 1523 217 1595 iis
227 1521 345 1624 cepisse
355 1523 536 1596 confilium.
550 1526 667 1616 Quum
678 1548 788 1597 autem
799 1524 895 1596 scires
906 1550 938 1596 te
947 1527 1043 1625 Spat-

122 1670 282 1718 tanorum
293 1647 462 1720 civitatem
474 1645 518 1717 ita
530 1643 672 1749 laudaffe
685 1670 721 1718 ur
735 1672 836 1718 nemo
851 1647 952 1732 alius,
969 1672 1042 1719 me-

123 1768 214 1839 tuisti
226 1794 268 1840 ne
284 1750 449 1840 auditores
467 1766 507 1838 iis
527 1789 558 1838 te
577 1763 718 1838 fimilem
733 1763 796 1839 effe
810 1767 969 1839 ducerent
981 1767 1040 1866 qui

121 1888 290 1987 quidquid
303 1889 339 1960 in
355 1917 392 1962 os
411 1889 540 1962 venerit
553 1887 730 1973 effutiunt,
748 1916 784 1961 ac
796 1916 853 1961 eos
867 1913 899 1961 te
912 1890 1042 1990 vitupe-

123 2037 199 2083 rare
212 2037 300 2083 nunc
317 2039 400 2110 quos
415 2011 510 2084 anted
525 2011 677 2082 maximis
696 2009 847 2083 laudibus
868 2009 1040 2085 extulisses.

121 2135 205 2205 Hac
224 2134 397 2234 cogitans,
421 2133 628 2206 considerasti
649 2134 811 2234 quidnam
832 2134 874 2207 de
891 2136 1039 2234 utrisque

122 2256 307 2329 dicendum
317 2255 410 2341 effer,
429 2281 465 2329 ut
477 2267 513 2330 δι
528 2283 605 2329 vera
615 2256 740 2329 diceres
757 2256 799 2328 de
811 2257 990 2342 ambobus,
1002 2266 1039 2330 &

122 2385 267 2475 majores
294 2402 367 2451 tuos
390 2377 495 2478 posses
522 2376 655 2449 laudare
673 2377 765 2450 sicuti
785 2379 888 2478 reipsd
907 2379 977 2463 vis,
1001 2387 1038 2451 δε

121 2501 300 2598 Spartanos
320 2499 476 2574 videreris
498 2499 645 2571 accusare
668 2499 708 2570 iis
729 2498 849 2598 quibus
870 2499 920 2571 illi
943 2497 1038 2575 invifi

120 2619 353 2706 sunt,veri1m
373 2620 409 2692 id
430 2620 569 2692 minime
581 2619 723 2705 faceres,
745 2645 779 2693 at
790 2621 875 2694 clam
889 2631 923 2694 &
936 2621 1039 2695 laten-

124 2767 176 2816 tet
197 2743 460 2816 commendares.
492 2745 609 2834 Quum
632 2745 712 2816 verb
731 2743 867 2816 habetes
889 2768 1038 2817 mentem

123 2862 566 2964 ejusmodi,teperistifacile
575 2863 729 2964 ambigua
740 2863 841 2937 verba
852 2892 923 2965 quac
932 2866 1037 2937 nihilb

123 2987 197 3088 plus
222 3014 298 3060 cum
323 2987 533 3060 laudantibus
554 2986 655 3085 qudm
675 3013 753 3058 cum
778 2987 1036 3086 vituperantibus

122 3106 289 3204 facerent3
300 3108 358 3182 sed
369 3107 499 3209 poffent
511 3107 600 3178 fleeti
611 3108 646 3177 in
657 3131 831 3204 utramque
840 3131 989 3206 partem,
999 3135 1038 3178 ac

121 3229 430 3302 multas'admittete
440 3227 702 3328 disceptationes.
715 3225 845 3319 Quibus
856 3226 904 3298 uti
914 3253 1036 3324 quem·

178 3413 223 3504 [l.
245 3449 281 3486 11
299 3435 327 3488 &
342 3414 422 3509 scq.]
447 3426 504 3488 Hic
520 3421 614 3489 turstis
627 3425 700 3486 refer
714 3417 853 3508 poCtiAEuq
870 3423 905 3484 ad
919 3421 1034 3503 denaia,

125 3545 159 3588 ut
171 3534 199 3587 &
211 3525 296 3609 paulb
307 3524 423 3588 inferitis
434 3518 596 3611 σκοωὲἷιθζ.

183 3609 230 3702 [1.
251 3609 330 3704 21.]
354 3619 448 3710 E‘vpeir
464 3623 640 3686 referendum
654 3621 689 3683 ad
703 3619 777 3681 idem
792 3613 900 3689 ὃοκὲἱς.

177 3747 179 3753 .
690 3727 692 3729 >
864 3747 868 3755 ,
904 3721 920 3750 ι
