2750 4742
240 298 516 377 DE'I'ACE
551 298 814 381 ORATIO.
911 336 977 389 ιιι

75 440 232 517 mediocri
242 444 318 531 sunt
329 446 502 548 prudentis
510 500 522 534 ,
536 448 654 523 salutis
664 450 757 551 spem
771 454 891 527 nonin
904 456 982 529 hos-

75 564 150 637 tium
172 566 311 651 erratis,
329 564 388 641 sed
411 568 447 640 in
471 568 672 643 terrefactis
695 573 901 673 confiliisque
916 576 981 649 suis

76 684 242 787 collocare.
265 686 371 779 Quod
388 686 480 761 enim
492 690 711 763 commodum
724 718 764 765 ex
778 692 981 767 adversario&

79 831 144 877 rum
161 805 291 878 inscitid
308 807 405 881 nobis
423 808 566 911 obtigit,
582 811 619 883 id
641 810 777 885 sortasrd
794 840 903 915 neque
922 816 983 889 diit

80 926 261 1015 duraverit,
277 956 387 1029 neque
402 930 494 1005 idem
506 932 635 1033 semper
654 932 754 1007 suerit
763 963 775 1031 3
794 936 886 1034 quod
902 939 982 1011 vero

79 1049 94 1119 l
110 1048 351 1153 nobismetipsis
368 1052 604 1153 proficiscitur,
624 1055 738 1131 stabile
752 1060 797 1131 est
811 1067 847 1133 &
861 1058 983 1133 diutius

79 1196 252 1269 permanet.
821 1270 830 1281 ⁶

200 1303 371 1373 Invehitur
385 1328 494 1375 orator
507 1306 543 1375 in
558 1307 659 1376 maris
675 1305 854 1397 imperium.

116 1416 170 1490 ·Ac
192 1444 250 1491 eos
274 1418 412 1518 quidem
428 1418 570 1495 refutare
583 1422 642 1522 qui
660 1422 751 1495 dibre
768 1449 843 1495 mea
863 1422 985 1495 temere

84 1538 290 1625 cavillantur,
310 1538 444 1615 difficile
465 1568 533 1613 non
557 1546 611 1615 est.
643 1540 751 1641 Siquis
773 1564 883 1613 autem
901 1540 987 1613 mihi

83 1659 190 1733 instans
214 1688 334 1763 eorum
354 1662 412 1761 qui
430 1662 552 1735 saniori
572 1686 685 1738 mente
707 1664 808 1747 sunt,
831 1688 887 1736 me
910 1688 987 1735 vera

85 1782 208 1880 quidem
222 1784 353 1869 dicere,
365 1812 426 1858 nec
439 1784 607 1859 immerito
617 1785 854 1887 reprehendere
866 1812 904 1857 ea
915 1812 988 1884 quae

33 1942 34 1953 ι
86 1902 173 1989 fiunt,
187 1902 391 2003 assentiatur3
404 1906 461 1979 sed
470 1934 600 2007 aequum
609 1906 672 1981 effe
684 1907 771 1980 dicat
781 1932 837 1979 eos
850 1906 909 2005 qui
919 1907 989 1978 ani·

87 2052 134 2095 mo
143 2026 364 2099 confiliadant
372 2026 550 2112 benevolo,
559 2054 629 2099 non
637 2025 746 2100 solum
758 2022 846 2101 sarta
857 2026 989 2127 impro·
1098 2012 1102 2019 ¹

33 2148 34 2151 ’
88 2146 170 2232 bure,
182 2149 300 2222 verdun
313 2151 414 2223 etiam
428 2176 565 2223 monere
578 2174 649 2248 quae
662 2144 838 2249 fugienda,
851 2173 988 2247 quaeque

33 2314 35 2329 ι
89 2270 244 2370 sequenda
263 2270 349 2359 fint,
365 2296 402 2345 ut
417 2272 462 2345 itd
474 2271 620 2357 sentire,
643 2280 678 2344 δι
693 2270 736 2343 ad
749 2270 836 2343 hunc
847 2270 990 2343 modum

89 2391 270 2493 delinquere
280 2392 485 2467 desinamus:
503 2402 571 2493 ejus
582 2393 689 2465 oratio
696 2390 815 2466 efficiet
826 2415 862 2463 ut
872 2416 989 2490 egeam

91 2511 288 2613 responsione
301 2540 370 2586 non
384 2514 461 2587 verd
472 2536 527 2585 aut
536 2513 634 2597 utili,
652 2511 711 2584 sed
726 2538 797 2610 quae
812 2510 908 2583 vobis
920 2509 990 2609 pla-

92 2658 160 2707 ceat.
170 2635 311 2709 Atenim
321 2635 481 2734 quoniam
490 2635 600 2734 aperte
607 2632 721 2715 ‚dicere
728 2632 801 2703 sum
808 2628 988 2731 aggressus,

34 2750 35 2753 ’
92 2780 150 2827 non
160 2756 385 2831 cuneandum
396 2758 441 2831 est
449 2754 550 2829 etiam
559 2752 990 2829 dehirsententiammeam

95 2876 252 2953 declarare.

133 3000 212 3091 Quae
232 2968 388 3101 igituriis
403 2998 573 3101 suppetere
584 3020 717 3099 oportet
733 2997 792 3096 qui
809 2995 921 3071 felices
939 2994 990 3071 su·

96 3121 148 3193 turi
161 3122 244 3209 smt,
260 3125 416 3223 pietatem
435 3122 577 3206 scilicet,
596 3130 632 3196 &
651 3119 930 3220 temperantiam,
952 3127 990 3191 δε

95 3244 263 3339 justitiam,
286 3252 322 3319 &
343 3244 420 3317 alias
435 3245 595 3330 virtutes,
618 3243 716 3343 pauld
738 3265 815 3316 ante
836 3240 989 3314 diximus.

97 3365 268 3456 Quomodo
282 3388 392 3439 aurem
403 3364 542 3439 instituti
552 3363 672 3437 erimus
683 3362 785 3460 qudm
794 3357 991 3461 expeditissi-

141 3562 182 3653 [1.
201 3564 278 3658 25]
301 3572 358 3644 Tit
378 3566 473 3641 ἄλλην
495 3569 596 3663 adpetit
609 3619 620 3649 ‚
635 3554 699 3637 vide
709 3596 769 3656 quae
782 3570 863 3655 suprlt
874 3573 989 3635 notavi.-

102 3660 617 3763 nus,p.191,n[l.15&t6.]
768 3748 845 3849 Οὔ
