2750 4742
173 318 192 369 .·
216 296 632 373 AREOPAGITIC'A
656 295 890 372 ORATIO.-
933 294 998 371 ἰιι

86 468 175 540 quos
198 443 329 529 summa
345 470 455 517 rerum
483 442 571 517 esset.
601 440 738 515 Deinde
755 443 1003 543 populationem

6 646 7 675 ,
86 562 318 640 existimdrunt'
329 567 415 641 ha'nc
432 564 681 639 administrandi
699 561 862 639 rationem
877 566 916 639 es
931 594 1005 665 quae

85 686 178 759 sorte
187 691 387 789 magistratus
399 714 495 763 creat.
510 688 641 761 Etenim
652 688 811 787 putabant
822 686 1003 761 sortitionis

86 808 354 907 gubernatricem
365 808 429 883 esse
438 788 632 895 fortunam,
651 817 687 881 &
700 807 870 881 sortiendo
881 806 954 881 fore
966 833 1004 881 ur

6 948 7 979 s
87 928 172 1029 saepe
184 931 386 1033 magistratus
398 931 583 1031 oligarchiae
596 928 744 1003 studiosis
754 929 1002 1031 contingerent3

6 1093 7 1114 κ
87 1078 195 1149 quum
217 1078 342 1127 autum¹
357 1053 563 1153 integerrimi
584 1054 708 1153 quique
732 1052 864 1127 deledu
889 1052 1003 1125 habito

6 1210 7 1235 t
87 1156 285 1261 uocarentur
306 1173 348 1246 ad
369 1174 633 1275 rempublicam,
655 1176 691 1247 in
710 1175 826 1275 populi
845 1177 1003 1275 potestate

88 1290 239 1366 futurum
252 1294 315 1366 esse
330 1321 385 1369 eos
399 1295 519 1395 eligere
532 1296 590 1394 qui
599 1293 794 1397 presentem
803 1297 921 1368 statum
930 1323 1004 1367 tna-

89 1414 181 1486 xirnt}
195 1413 426 1513 conservatum
439 1414 566 1488 volunt.

138 1538 194 1608 Ut
211 1561 319 1611 autem
335 1538 400 1609 haec
417 1534 623 1609 multitudini
636 1532 824 1635 placerent,
843 1530 1005 1635 nullaque

86 1656 131 1730 de
147 1658 387 1759 magistratibus
400 1658 630 1730 contentiones
639 1650 806 1730 'orirentur
816 1711 828 1741 ,
839 1656 898 1729 ista
910 1656 1005 1729 causa

87 1801 159 1851 erat
177 1832 188 1863 ,
209 1777 301 1877 qubd
325 1778 491 1852 laboribus
516 1788 551 1851 δι
575 1777 755 1879 frugalitati
776 1777 1002 1863 assueverant,

89 1926 200 1997 neque
211 1897 268 1972 sua
283 1899 487 2000 negligentes
500 1899 614 1973 alienis
624 1898 820 1984 inhiabant,
840 1926 900 1985 nec
912 1901 930 1971 ὲ
943 1928 1004 2001 pu-

6 2066 7 2071 1
89 2016 181 2093 blico
198 2046 267 2094 rem
283 2023 445 2122 privatam
460 2022 692 2107 stabiliebant,
714 2022 771 2095 sed
785 2022 827 2095 de
842 2021 901 2095 suo
915 2016 1004 2122 quisss

89 2168 163 2241 que
184 2195 201 2226 ‚,
217 2170 319 2240 quum
341 2169 393 2247 res
418 2142 614 2243 postularet,
640 2146 741 2215 etiam
766 2143 1004 2244 rempublicam

6 2288 7 2333 t
87 2262 249 2361 juvabat,
270 2290 331 2335 nec
348 2263 524 2337 accurariits
547 2290 711 2337 noverant
727 2264 889 2364 quantrlm
908 2264 967 2338 fibi
985 2267 1005 2339 ὲ

6 2418 7 2491 3
89 2382 231 2481 publicis
249 2383 475 2457 funsbionibus
487 2438 500 2469 ,
518 2386 621 2482 qudm
641 2386 723 2484 quid
743 2386 761 2457 ὲ
776 2387 909 2485 privatis
925 2384 1005 2487 pos-

91 2502 305 2588 sessionibus,
328 2503 406 2576 esset
429 2502 621 2578 rediturum.
644 2506 720 2583 Jatn
739 2509 818 2580 verb
840 2506 1006 2606 dpublicst

6 2660 7 2725 }
92 2606 231 2724 pecunid
245 2625 288 2697 stc
299 2625 519 2711 abstinebant,
534 2651 569 2699 ut
582 2626 637 2698 illd
649 2650 742 2700 aerate
754 2624 919 2699 difficilius
928 2624 1007 2701 esset

6 2774 7 2793 ¹
93 2747 234 2847 reperite
249 2748 307 2849 qui
319 2738 717 2853 cuperentmagisttatus,
734 2748 834 2847 qudm
846 2775 934 2821 nunc
947 2750 1006 2848 qui

93 2868 144 2939 his
161 2868 274 2941 carere
283 2870 413 2969 possint.
436 2870 507 2942 Nec
521 2870 612 2941 enim
627 2851 810 2991 reipublpcae
823 2896 935 2941 curam
947 2896 1006 2942 ne-

6 3008 7 3075 }
90 2991 313 3091 gotiationem
327 2991 575 3075 existimabant,
590 2990 647 3063 sed
661 2990 935 3091 occupationem,
948 3018 1006 3065 ne·
1037 3004 1042 3013 '

6 3089 7 3171 Ῐ
91 3139 161 3211 que
179 3112 415 3212 computabant
435 3113 454 3184 d
472 3111 653 3213 primodie
671 3140 713 3184 an
729 3110 940 3185 antecessores
955 3112 1006 3186 lu·
1033 3106 1037 3111 ’

91 3210 171 3305 celsi
185 3232 312 3331 aliquid
322 3218 447 3307 sordidi
462 3214 683 3331 reliquissent,
700 3230 759 3304 sed
776 3232 882 3305 multb
900 3232 1005 3331 magis

92 3382 135 3427 an
153 3354 283 3451 aliquid
297 3353 510 3453 neglexissent
530 3352 622 3451 quod
639 3354 750 3453 ptimo
767 3376 1008 3451 quoqueremq

91 3500 175 3575 pore
191 3470 437 3547 conficiendum
458 3472 545 3547 esset.
568 3475 751 3571 Denique,
774 3498 810 3545 ut
824 3467 931 3570 pausis
945 3473 1006 3545 ab·

143 3632 191 3723 [l.
211 3637 292 3731 zo]
314 3638 372 3719 'stit
384 3620 478 3731 prdit
492 3644 627 3728 drausio<
643 3674 652 3723 ,·
667 3646 726 3708 sub.
742 3640 782 3711 τὲ
795 3636 906 3744 ἄρχω.
