2750 4742
274 319 802 410 PANATHENAICUS.
925 359 989 432 535

85 469 170 548 illius
184 478 372 576 potentiam
389 476 611 577 dimicdtu'nt3
637 489 672 554 δε
694 485 806 582 postea
823 499 927 580 quum
941 507 996 554 eas

84 594 238 670 decuiffet
256 601 357 674 etiam
376 601 419 674 de
434 601 473 674 iis
490 629 561 701 quat
582 603 745 676 restabant
764 604 851 678 redte
866 603 993 675 consu·

83 713 193 802 luiffe,
206 717 329 792 ineam
342 747 412 792 non
427 721 631 806 amentiam,
649 722 709 795 sed
724 723 906 809 insaniam,
920 723 997 797 sunt

83 835 246 937 impulsa,
264 863 301 912 ut
315 869 392 914 com
409 868 450 914 eo
465 843 523 940 qui
538 841 622 942 ipsas
636 842 841 944 oppugndrat
849 894 860 928 ,
875 845 1000 944 quique

83 957 253 1033 destindrat
276 982 450 1063 utramque
477 963 594 1037 urbem
617 963 728 1037 delere
752 957 928 1049 funditits,
962 973 1000 1038 &

82 1101 205 1156 ceteros
233 1083 367 1156 Graecos
393 1083 547 1158 servitute
573 1085 790 1186 opprimere,
817 1112 895 1158 cum
918 1083 998 1168 tali,

79 1199 240 1300 inquam,
265 1205 363 1290 vito,
388 1231 489 1304 quem
512 1204 595 1278 terrai
619 1205 769 1304 marique
793 1202 995 1304 supetaffent

80 1315 261 1409 facillime,
278 1347 394 1424 pacem
409 1325 445 1398 iu
459 1347 561 1400 omne
575 1350 728 1426 tempus,
744 1350 905 1424 tanquam
920 1354 997 1402 curu

80 1441 165 1518 bene
182 1446 321 1534 merito,
340 1446 501 1544 fecerint3
517 1457 553 1520 δι
566 1447 668 1520 altera
680 1446 811 1522 alterius
820 1448 999 1522 virtutibus

81 1557 288 1654 invidentes,
311 1557 401 1642 bello
419 1593 537 1647 mutuo
554 1578 589 1643 δι
604 1567 703 1670 pravi
716 1567 927 1641 aemulatione
940 1567 996 1640 in-

81 1685 181 1759 censa:
192 1740 204 1772 ,
217 1686 381 1788 seipsas&
394 1711 518 1761 ceteros
532 1691 663 1761 Graecos
676 1687 814 1788 perdere
825 1687 914 1788 ptids
926 1714 995 1760 nou

82 1807 274 1893 destiterint,
286 1809 388 1908 qudm
396 1811 570 1882 communi
580 1810 665 1883 hosti
673 1836 747 1882 eam
757 1808 921 1883 dediffent
930 1807 996 1910 po'·

82 1932 251 2016 testatem,
266 1954 302 2004 ut
315 1931 342 2003 is
357 1931 578 2005 Athenienses
594 1959 652 2033 pet
666 1932 996 2006 Lacedaemouiornm

81 2053 263 2150 potentiam
280 2050 316 2122 in
341 2049 510 2126 summum
530 2049 710 2127 discrimen
727 2053 932 2137 adduceret,
959 2079 997 2124 ac

81 2171 183 2244 tursius
217 2159 487 2246 Lacedaemonios
520 2198 578 2273 pet
609 2173 694 2248 vites
726 2171 991 2246 Athenienfium.

82 2293 243 2386 Quamvis
259 2311 369 2368 autem
383 2292 541 2370 Barbarus
556 2321 608 2368 eas
622 2293 797 2394 prudentid
811 2292 878 2366 raim
893 2291 995 2393 iongd
1033 2313 1037 2318 ·

81 2413 273 2517 superarier,
296 2437 409 2490 tamen
420 2442 529 2515 neque
546 2416 611 2489 illis
627 2414 854 2516 temporibus,
877 2413 923 2487 ob
938 2441 994 2487 ac-

83 2561 186 2639 ceptas
213 2528 344 2623 cladet,
364 2537 408 2610 itd
433 2561 469 2610 ut
490 2561 549 2638 pat
575 2537 664 2623 fuit,
686 2536 838 2637 ipsasque
860 2536 994 2622 decuit,

82 2659 269 2748 doluerunt,
283 2687 391 2760 neque
403 2687 490 2734 nuuc
497 2662 687 2736 Graecarum
697 2661 870 2735 civitatum
882 2659 990 2733 maxi-

82 2805 146 2856 mas
162 2783 266 2885 pudet
284 2811 360 2856 cum
375 2779 592 2856 contentione
606 2781 750 2882 quddam
763 2781 859 2882 ipfius
872 2779 994 2882 opibus

83 2904 214 2978 adulati.
235 2905 325 2976 Nam
340 2902 460 3004 Argivi
478 2903 617 3004 quidem
634 2911 670 2977 δε
686 2901 868 2989 Thebani,
893 2904 995 2978 miffis
1060 2899 1065 2906 ’

84 3027 204 3100 auxiliis
220 3027 401 3128 AEgyptum
414 3025 463 3098 illi
481 3024 703 3126 subegerunt,
720 3047 757 3097 ut
770 3024 871 3123 quim
883 3025 992 3097 maxi-

84 3147 134 3220 md
151 3147 299 3249 potentid
315 3147 460 3220 munitus
473 3146 593 3220 Graecit
610 3143 826 3218 insidiaretur.
844 3145 919 3244 'Nos
932 3166 992 3218 au·
1041 3154 1048 3173 ‘

85 3291 150 3344 tem
162 3279 197 3344 &
210 3269 380 3370 Spartani,
402 3291 506 3366 quum
526 3269 613 3340 inter
635 3285 698 3340 nos
720 3265 856 3339 societas
874 3264 934 3350 fit,
954 3267 991 3336 iu

101 3521 107 3530 Ι
133 3547 171 3639 [l.
186 3547 235 3641 5.]
251 3564 336 3644 vulg.
350 3545 394 3628 frui
405 3557 491 3621 πολίι
504 3547 587 3622 trito
599 3605 608 3632 ,
620 3556 754 3620 tuendum
768 3554 890 3615 evidens.

131 3643 177 3736 [1.
194 3644 272 3740 141]
288 3652 333 3725 Tri
346 3658 419 3720 deest
433 3656 608 3744 invulgati,
624 3677 678 3742 ego
691 3653 785 3718 addidi
797 3675 861 3713 cunt
874 3655 972 3714 Battie.

735 3755 844 3829 Lliv
