2750 4742
219 295 482 375 runooun
516 297 820 379 trunnrro.
851 233 855 271 ³
908 316 969 399 μ,

117 438 235 541 Neque
256 447 352 547 vero.
359 470 451 545 putes
474 468 507 519 te
532 444 671 519 accusati
693 446 712 521 d
735 474 791 521 me
812 448 976 549 ignaviae,

77 563 165 660 quod
178 588 209 636 te
226 565 270 640 ad
287 590 337 639 tes
353 566 486 640 easdem
499 568 595 641 toties
608 568 773 642 exhortor.
797 571 869 641 Nec
884 570 983 641 enim·

76 683 126 759 vel
144 712 198 757 me
215 687 267 758 vel
291 685 372 759 alios
393 688 536 787 praeterit
550 666 635 762 tei&
651 687 761 763 solum
778 699 814 762 &
831 688 977 790 primum

76 830 186 877 eorum
198 809 275 905 qui,
289 808 375 909 regis
389 808 550 909 dignitate
560 808 706 909 praediti,
718 809 835 909 opibus
848 819 883 883 δι
894 809 976 909 (1ε11·ι

76 925 557 1031 ciiscitcumfluuut‚sapientiae
566 929 709 1006 studium
717 931 976 1031 amplexantem,
1015 988 1022 1001 .

77 1049 163 1121 inei
185 1050 383 1150 acquirendi
404 1051 588 1153 promptitis
610 1030 778 1127 laborasse.
804 1052 877 1127 Nec
894 1036 979 1129 illud

75 1171 168 1243 etiam
181 1198 236 1245 me
251 1172 353 1257 latet,
379 1173 501 1244 multos
522 1199 636 1275 teges,
654 1174 807 1275 exemplo
820 1175 982 1248 doetrinae

77 1314 132 1363 tuae
142 1292 290 1366 incitatos
301 1347 312 1378 ‚
325 1294 363 1365 iis
377 1292 499 1365 omissis
512 1294 630 1392 quibus
641 1320 729 1366 nunc
741 1296 889 1395 impensd
899 1324 978 1397 gau-

75 1412 170 1498 dent,
181 1414 269 1487 istud
280 1415 457 1517 drsciplinae
466 1442 569 1517 genus
581 1416 834 1505 consectaturos.
847 1418 978 1492 Veritm

76 1561 156 1635 ego,
177 1525 327 1634 quamvir
348 1539 413 1611 hsce
434 1526 558 1624 seiani
573 1534 792 1612 nihilominus
811 1562 922 1611 tamen
940 1548 979 1613 δι

35 1659 36 1662 ’
76 1655 156 1727 facio
177 1668 212 1729 δε
234 1656 352 1729 faciam
378 1658 470 1730 idern
494 1659 585 1757 quod
611 1663 647 1730 in
672 1658 757 1730 ludis
778 1660 939 1759 gymnicis
959 1659 979 1731 d

77 1774 303 1875 spectatoribus
324 1776 396 1849 fieri
418 1777 511 1850 soler.
537 1778 709 1877 Siquidem
730 1758 779 1850 iili
798 1779 979 1851 acclamant

79 1899 251 1971 cursoribus
271 1926 341 1970 non
361 1898 583 1972 remotissimis
602 1899 620 1971 ci
638 1899 746 1984 meti,
763 1898 821 1973 sed
835 1901 980 1975 victoria

80 2020 238 2119 proximis.

35 2217 36 2250 ζ
131 2146 343 2243 Quapropter
366 2170 481 2216 meum
514 2147 550 2218 δ’(
580 2160 765 2218 ceterorum
796 2144 980 2219 amicorum

81 2264 219 2338 officium
230 2269 298 2350 est,
316 2292 354 2337 ea
369 2265 440 2338 tiun
446 2266 565 2339 dicere
585 2265 658 2337 tdm
670 2264 812 2369 scribere
833 2292 890 2367 per
907 2294 979 2365 quae

83 2410 107 2458 te
125 2386 340 2459 accendamus
361 2386 403 2459 ad
423 2380 462 2458 ea
477 2384 691 2458 desideranda
709 2413 780 2484 quae
796 2394 864 2483 jam
878 2388 981 2463 vehe-

83 2532 201 2581 menter
211 2508 346 2609 appetis.
359 2510 413 2611 Te
422 2509 503 2579 verb
515 2506 611 2607 decet
623 2506 707 2578 nihil
717 2508 980 2607 praetermittere,

83 2628 128 2702 sed
139 2629 177 2703 ut
190 2630 225 2701 in
238 2628 518 2731 ptaeseutii,s1cin
531 2628 697 2739 postepum
708 2654 858 2727 quoque,
870 2656 983 2704 curam

84 2751 119 2822 tui
134 2776 247 2851 gerere
257 2759 293 2823 &
303 2750 477 2851 ingenium
493 2773 663 2842 exercete,
682 2770 719 2820 ut
731 2771 821 2848 patre
841 2748 982 2851 dignum

85 2894 108 2943 te
129 2872 271 2973 praebeas
296 2882 331 2946 ὃ(
354 2864 466 2946 ceteris
489 2872 551 2947 tuis
573 2871 762 2969 majoribus.
788 2872 878 2945 Nam
903 2872 982 2949 titm

85 2995 229 3067 omnibus
249 2995 407 3068 convenit
426 2975 659 3095 magnifacere
677 2991 892 3092 sapientiam,
910 2996 983 3067 tum

86 3116 171 3187 vobis
185 3113 361 3218 prasertim
383 3116 441 3214 qui
458 3115 494 3186 in
513 3112 635 3187 multos
653 3113 778 3185 habetis
794 3114 982 3213 imperium.

87 3234 157 3307 Non
171 3260 282 3309 autem
297 3260 339 3307 eo
351 3258 523 3308 contentus
537 3233 600 3307 esse
615 3233 715 3305 debes
728 3232 751 3306 si
765 3233 804 3306 iis
820 3234 878 3331 qui
894 3260 982 3305 nunc

87 3356 147 3431 sunt
162 3364 233 3455 jam
245 3355 284 3428 sis
298 3356 523 3455 praestmtior3
545 3353 603 3428 sed
625 3353 791 3453 indignari
812 3352 859 3438 s1,
879 3378 982 3452 quum

128 3608 170 3700 [l.
192 3632 207 3682 8
225 3630 253 3683 δι
269 3607 324 3699 9.]
346 3604 512 3701 ripemunt,
525 3618 584 3681 sub.
600 3613 666 3683 ciui
678 3609 789 3683 ‘triten

756 3722 790 3797 x
814 3722 837 3821 ij
