2750 4742
246 309 802 388 ARCHIDAMUS.
887 343 974 435 ss

87 437 218 594 paffeffio
232 456 412 541 adimetur,
431 455 489 530 sed
505 455 530 530 fi
546 455 657 534 servos
673 461 801 535 nostros
814 454 902 536 illius
915 461 982 536 do·

10 651 11 658 ,
88 578 256 654 minoseffe
269 579 469 654 videbimus.

129 822 183 894 ΙΙΙ.
207 819 303 914 Quin
319 846 359 894 ex
374 821 426 894 his
441 833 514 920 quae'
528 819 708 919 sequuntur
726 821 842 898 carias
856 823 982 926 perspi·

87 941 184 1026 cietis,
199 949 235 1014 &
251 967 342 1024 nunc
355 941 470 1040 iniqua
486 967 547 1014 nos
560 943 648 1042 pati,
661 944 982 1020 &tancMeffenam

84 1072 143 1161 jure
170 1062 317 1137 tenuiffe.
350 1064 483 1138 Etenim
508 1065 620 1140 multis
646 1067 784 1141 antehac
808 1067 828 1141 a
850 1069 982 1143 civitate

10 1177 11 1194 ³
85 1183 175 1276 nostri
200 1184 295 1288 ballis
315 1185 508 1272 exantlatis,
528 1187 707 1287 aliquandb
729 1196 799 1286 jam
814 1190 927 1264 evenit
946 1212 983 1266 ut
1054 1265 1060 1272 ,

84 1334 183 1408 pacem
194 1307 302 1382 facere
317 1309 424 1384 coaai
440 1298 561 1395 simus,
582 1337 688 1410 quum
700 1310 807 1384 multi>
819 1321 909 1412 pejus
920 1339 982 1386 no·

10 1525 11 1528 Ἴ
84 1430 195 1504 hiscum
207 1432 308 1531 quam
320 1460 397 1506 cum
411 1433 557 1506 hostibus
574 1455 733 1532 ageretur.
759 1432 867 1532 Atqui
878 1460 984 1533 quum

10 1647 11 1650 Ἴ
81 1549 114 1624 iis
128 1554 325 1653 temporibus
339 1554 580 1630 conventiones'
590 1553 683 1628 faetae
693 1553 771 1640 fint,
783 1554 902 1654 quibus
912 1555 986 1630 fieti

10 1757 11 1762 Ἰ
81 1699 141 1744 non
161 1698 287 1774 poterat
315 1700 352 1748 ut
371 1676 510 1748 meliore
529 1703 590 1748 nos
610 1675 804 1749 conditione
823 1671 984 1761 effemus,
1056 1713 1059 1718 ·

83 1792 118 1865 de
128 1794 322 1892 quibusdam
338 1795 476 1896 quidem
491 1793 562 1869 aliis
573 1796 746 1869 contentio
758 1819 831 1868 otta
843 1797 910 1892 est3
924 1795 983 1870 sed

81 1903 258 1989 Messanam
270 1915 386 2018 injusta
395 1942 455 1990 nos
468 1941 595 2003 tenere,
608 1943 717 2016 neque
726 1943 781 1990 rex
790 1916 981 2002 Persarum,

10 2085 11 2134 3
79 2047 177 2134 neque
193 2037 307 2111 civitas
326 2037 590 2122 Thebanorum,
610 2038 706 2110 nobis
722 2064 870 2136 unquam
885 2036 984 2136 obje-

10 2137 11 2182 ¹
80 2181 193 2244 cerunt.
218 2155 325 2250 Quod
339 2181 452 2230 autem
476 2157 661 2232 evidentius
678 2156 722 2232 de
734 2166 805 2257 jure
821 2155 982 2256 judicium

79 2274 140 2348 effe
156 2301 248 2376 queat
264 2303 306 2350 eo
322 2275 416 2376 quod
431 2285 466 2350 &
478 2277 519 2350 ab
529 2277 603 2378 ipfis
620 2278 784 2364 hostibus,
796 2286 832 2351 &
843 2275 982 2352 adverfis

77 2400 185 2472 nostris
198 2399 295 2473 rebus
309 2401 354 2472 est
368 2399 642 2500 pronuntiatum?

126 2665 185 2740 IV.
201 2665 279 2744 Jam
291 2673 327 2738 δι
339 2663 508 2738 oraculum
521 2664 614 2764 quod
624 2690 742 2738 omnes
753 2674 790 2739 &
802 2663 984 2765 antiquiffi-

78 2811 187 2870 mum,
205 2795 242 2859 δε
258 2781 536 2885 vulgatiffimum,
556 2793 591 2858 &
604 2785 671 2858 fide
684 2785 908 2886 d1gn1ffimum
919 2787 983 2861 effe

77 2903 283 2991 fatebuntur,
304 2930 374 2976 non
386 2932 427 2978 eo
436 2905 595 2978 duntaxat
608 2930 757 3007 tempore
766 2909 910 2980 nostram
920 2906 984 2981 effe

10 3029 12 3112 i
75 3027 258 3102 Meffenam
274 3028 405 3116 statuit,
424 3054 547 3126 quum,
560 3027 777 3128 Cresphontae
788 3028 898 3102 hbens
909 3055 984 3103 eam

76 3155 185 3224 nostra
206 3151 282 3224 urbi
295 3150 470 3236 dantibus,
492 3177 567 3224 eam
582 3177 643 3224 nos
658 3150 746 3246 juffit
764 3153 932 3253 accipere,
948 3159 985 3226 &

10 3277 12 3360 ξ
74 3271 189 3371 injuria
212 3271 368 3373 oppteffis
392 3271 572 3372 opitulari:
596 3271 834 3346 verumetiam
857 3299 984 3370 quum,

10 3493 12 3500 y
73 3393 159 3468 bello
174 3403 246 3493 jam
268 3393 371 3495 longo
392 3393 503 3480 fa&o‚
523 3395 653 3493 utrique
675 3393 829 3495 Delphos
850 3391 988 3464 mififse-

10 3519 12 3588 ἒ
73 3533 163 3601 mus,
180 3515 232 3588 illi
252 3513 295 3588 de
311 3514 412 3588 salute
429 3514 485 3587 sua
498 3513 695 3614 Apollinem
708 3512 909 3597 consulturi,
926 3539 987 3586 nos

75 3633 120 3722 de¹
137 3633 378 3738 expeditiffima
396 3635 562 3738 capienda
581 3633 669 3708 urbis
693 3632 844 3731 ratione3
868 3631 932 3708 illis
952 3658 988 3709 ut
