2750 4742
275 356 493 431 norrun
525 353 826 430 unuunrro.
934 382 1000 454 ‚59

103 502 274 597 antequam
297 525 347 573 res
366 488 563 584 evenerint,
586 493 643 572 sed
661 489 838 575 crevento
856 498 1004 598 judicant

102 619 234 706 omnia,
255 622 412 698 conviciis
436 648 514 695 eum
537 618 693 695 incedere
712 647 781 694 non
802 611 1004 695 dubidnmo

102 742 260 833 Quorum
274 744 419 817 amentia
439 770 480 819 ex
496 741 569 843 ipsis
586 741 771 815 maledidis
784 738 1004 817 animadverti

100 860 137 933 ab
149 862 306 936 omnibus
322 862 477 937 facillime
490 864 604 963 potest.
624 861 811 955 Quomodo
827 862 919 935 enim
933 886 1004 935 non

21 1081 24 1087 Ι
99 981 221 1057 faciunt
252 1010 323 1067 tem
346 986 488 1059 maxim&
514 976 710 1069 ridiculam,
733 984 757 1057 st
780 983 835 1057 sut
857 982 1005 1085 ipsorum

100 1103 231 1204 ingenia
255 1105 340 1179 illius
363 1106 500 1207 ingenio
524 1105 718 1179 antecellere
738 1104 933 1179 arbitrantur
950 1106 1004 1177 cui

98 1225 218 1323 primas
228 1224 297 1299 deae
307 1226 516 1301 detulerunt?
534 1228 568 1298 N
569 1252 607 1301 ec
621 1227 713 1301 enim
722 1226 840 1325 quibus
852 1226 895 1299 de
907 1225 1004 1300 rebus

99 1368 187 1419 tanta
200 1347 288 1419 inter
300 1346 382 1448 ipsas
397 1372 468 1421 orta
482 1371 551 1421 erat
564 1348 755 1441 contentio,
769 1372 823 1421 eas
833 1346 1005 1445 quuslibet

98 1468 264 1542 autoritati
278 1467 502 1572 permisemnt¹
511 1469 756 1571 dijudicandam
773 1468 831 1543 sed
841 1494 897 1559 ear
904 1466 1005 1540 cons·
1020 1458 1027 1469 ¹

98 1613 141 1661 tat
155 1616 227 1660 non
240 1590 407 1663 minorem
422 1616 533 1663 cutam
549 1588 695 1663 habuiffe
705 1589 749 1662 de
757 1589 886 1690 optimo
895 1588 1004 1687 judice

98 1709 274 1810 eligendo,
288 1708 389 1808 qudm
405 1708 448 1783 de
466 1734 501 1783 te
514 1708 582 1811 iptd
594 1708 747 1783 sollicitas
762 1707 865 1782 fuiffe.
883 1710 916 1781 C
917 1706 1006 1781 ondi-

96 1828 280 1911 derandum
296 1832 341 1904 est
357 1852 469 1905 autern
481 1828 586 1929 qualis
602 1826 721 1915 fitetit,
737 1837 772 1903 &
785 1828 947 1929 Judicium
960 1826 1003 1901 de

97 1978 135 2024 eo
155 1949 347 2025 faciendum
362 1978 432 2024 non
449 1952 467 2024 ὲ
483 1950 621 2027 deatum
636 1951 796 2027 victarum
817 1949 982 2024 iracundie
991 2002 1004 2037 ,

97 2072 151 2147 sed
163 2100 204 2147 ex
218 2074 335 2149 harum
350 2074 451 2149 trium
464 2070 641 2159 sententid,
656 2100 761 2173 quum
774 2080 843 2171 ejus
855 2096 1005 2147 mentem

97 2220 158 2295 prae
177 2192 292 2267 ceteris
308 2190 486 2295 elegerunt.
513 2192 608 2265 Nihil
625 2193 718 2266 enim
735 2190 924 2293 prohiberi
940 2220 1005 2293 po·

21 2382 22 2389 ,
98 2314 293 2389 tentioribus
318 2314 406 2387 mald
431 2314 583 2388 muldrari
609 2296 709 2386 etiarn
730 2314 947 2387 innocentes:
973 2336 1006 2385 at

96 2432 191 2507 illum
213 2434 380 2506 honorem
396 2430 557 2533 adipisci,
577 2455 613 2505 ut
627 2426 685 2531 qui
699 2430 846 2506 mortalis
864 2436 909 2514 est
924 2430 1005 2506 dea·

97 2578 169 2627 turn
191 2553 313 2627 arbiter
331 2552 415 2638 fiat,
438 2552 474 2625 id
494 2550 572 2624 sane
592 2553 785 2651 contingere
807 2579 878 2625 non
900 2553 1006 2653 potest

99 2675 155 2749 nist
171 2676 245 2749 vito
258 2674 354 2749 laude
366 2673 531 2786 sapientire
544 2673 809 2773 ptaestantiffimo.

144 2940 259 3013 Miror
274 2963 384 3012 aurem
396 2935 459 3011 effe
469 2962 673 3037 quemquam
686 2936 745 3036 qui
756 2937 842 3011 mald
855 2935 913 3027 fibi
925 2962 1005 3009 con-

99 3061 224 3134 suluisse
238 3058 333 3131 illum
348 3057 509 3131 existimet
522 3056 585 3157 qui
594 3084 669 3129 cum
683 3057 720 3131 ei
732 3058 842 3131 vivere
855 3057 1005 3130 decreve-

99 3185 136 3255 rit
154 3205 290 3283 propter
308 3162 409 3279 quom
423 3180 520 3252 multi
535 3178 758 3253 semideorum
779 3178 877 3280 ‘mori
890 3178 1005 3251 volue-

98 3327 182 3377 runt.
200 3301 258 3373 An
274 3326 344 3373 non
360 3299 417 3372 ille
432 3296 638 3399 defipuiffet,
653 3298 813 3398 sr,quum
823 3297 917 3371 sciret
928 3292 1006 3371 deas

100 3422 139 3497 de
153 3421 261 3495 formd
274 3421 497 3504 contendere,
513 3419 657 3492 formam
669 3418 738 3518 ipse
751 3418 934 3519 spreviffet,
947 3444 1006 3489 nec

101 3544 133 3617 id
156 3536 295 3616 donum
318 3530 523 3619 existimasset
551 3540 732 3641 maximum
762 3538 855 3640 quod
876 3538 917 3611 ab
943 3538 1007 3609 iilis

106 3690 237 3763 quoque
253 3662 389 3736 maximi
402 3659 474 3735 fieri
489 3658 639 3736 vidiffet?

779 3783 809 3851 Z
831 3778 866 3851 iv
