2750 4742
215 311 437 393 nrrrun
469 259 773 397 rnunnrro.
889 346 954 421 335

61 460 128 535 tiam
150 462 209 553 fibi
230 466 424 553 vindicant,
447 474 483 540 δι
507 466 669 568 sapientes
692 466 800 543 videri
821 468 960 555 volunt,

31 589 32 594 ’
61 610 106 655 eos
118 585 272 660 excellere
296 587 392 663 decet
411 612 509 687 atque
525 588 680 663 indodlos
697 590 869 690 superare,
890 616 960 663 non

31 781 32 786 χ
61 705 92 777 ‘ris
112 705 203 778 rebus
226 735 306 807 quas
330 709 387 781 alii
405 710 513 783 Gtaeci
532 710 730 811 negligunt,
751 711 809 784 sed
824 712 863 783 iis
879 738 960 810 quas

31 841 32 848 ’
61 828 183 900 universi
194 830 398 904 aemulantur.
419 832 519 905 Nunc
534 830 671 931 perinde
685 831 810 904 faciunt
822 859 859 905 ac
870 832 892 905 st
904 831 960 905 ille

62 948 153 1047 quise
172 952 321 1051 pugilem
340 953 634 1051 praestantiffimum
656 952 720 1025 effe
744 953 959 1053 profiteatur,

63 1072 184 1142 eumin
208 1070 322 1144 locum
341 1071 519 1145 descendat
542 1101 610 1173 quo
633 1101 735 1148 nemo
759 1074 852 1175 sequi
871 1074 963 1149 velit.

63 1193 131 1284 Quis
145 1195 239 1265 enim
252 1194 335 1269 sanae
350 1194 471 1267 mentis
487 1194 592 1268 homo
611 1194 811 1269 calamitates
829 1195 961 1269 laudare

64 1314 217 1388 instituat?
234 1316 366 1390 Veritm
378 1314 589 1408 manifestum
609 1320 655 1389 est
672 1318 748 1389 istos
770 1317 815 1389 ob
834 1316 962 1418 ingenii

31 1519 32 1528 ἵ
63 1436 276 1511 infirmitatem
299 1438 369 1511 hirc,
384 1437 576 1539 confugere.
610 1442 663 1511 Est
683 1440 776 1512 enim
796 1438 961 1537 ejusmodi

31 1537 32 1578 ³
64 1555 264 1657 scriptionum
277 1586 343 1631 una
356 1558 507 1659 quaedam
520 1560 592 1643 via,
604 1586 705 1658 quam
718 1585 779 1633 nec
791 1552 961 1644 invenite,

31 1705 32 1762 ς
65 1707 114 1754 nec
125 1680 269 1767 discere,
283 1708 346 1755 nec
357 1682 497 1766 imitari,
514 1679 649 1754 difficile
659 1658 768 1755 fuerit
782 1682 963 1754 Orationes

31 1777 32 1864 l
64 1828 158 1875 autem
170 1784 252 1903 ¹quat
273 1802 316 1877 ad
337 1802 515 1877 utilitatem
530 1792 684 1877 omnium
702 1803 874 1904 spestant,
890 1830 961 1902 quae

31 1929 32 1938 ’
66 1948 137 1995 certa
146 1924 391 2023 autptobabilia
401 1926 588 2023 exquirunt,
598 1951 656 2025 per
664 1924 782 1997 multas
792 1923 963 1997 formas&
996 1914 999 1919 ⁸
1083 1931 1087 1942 '

66 2045 282 2119 condecentias
295 2046 432 2148 cognitu
447 2044 616 2131 difficiles,
634 2045 706 2118 tium
726 2033 962 2131 inveniuntur,

31 2149 32 2230 l
66 2166 125 2238 tilm
140 2167 314 2253 dicuntur,
333 2196 370 2241 ac
385 2168 476 2239 tanto
495 2166 689 2241 difficilioris
708 2166 782 2239 sunt
798 2165 964 2265 composi·

67 2287 176 2373 tionis,
197 2291 323 2389 quanto
334 2315 471 2389 gravem
485 2286 549 2361 effe
563 2287 662 2388 qualm
686 2284 829 2359 scurram
847 2312 963 2387 agere,

66 2408 191 2483 inferiis
207 2409 329 2484 versati
339 2410 440 2512 qualm
456 2409 593 2494 ludere,
610 2411 655 2481 est
669 2407 844 2509 operofius.
860 2411 966 2508 Cujus

31 2553 32 2606 3
67 2530 106 2600 rei
119 2530 179 2601 hoc
192 2530 377 2603 maximum
395 2528 522 2629 lignum
536 2532 600 2614 est,
616 2528 709 2627 quod
721 2528 891 2601 neminem
905 2556 966 2602 un-

31 2717 32 2724 ,
69 2677 156 2747 quam
169 2653 228 2751 qui
246 2679 340 2751 apes,
356 2660 391 2724 &
407 2650 533 2735 salem,
549 2660 585 2725 &
598 2650 724 2750 reliqua
733 2658 801 2749 ejus
816 2652 944 2751 generis
955 2704 972 2737 ,.

69 2769 187 2845 laudare
212 2774 320 2846 voluit
336 2826 347 2859 ,
366 2750 477 2846 ¹verba
499 2771 691 2844 defecerint.
726 2772 798 2864 Qui
823 2775 901 2845 veto
924 2772 967 2846 de

31 2969 32 2978 χ
68 2892 152 2965 rebus
163 2894 317 2967 omnium
333 2892 535 2967 confeffione
551 2892 758 2993 praeclaris&
777 2892 895 2977 bonis,
913 2918 969 2967 aut

31 3063 32 3068 κ
70 3014 138 3086 viris
161 3016 281 3089 virtute
304 3013 552 3115 praestantibus,
574 3010 702 3110 aliquid
725 3011 834 3085 dicere
858 3011 970 3084 conati

72 3262 144 3341 apis,
161 3259 206 3321 sed
225 3261 331 3321 animal
345 3262 390 3341 api
407 3259 503 3321 simile.
814 3338 816 3345 Α

31 3343 32 3346 ¹
116 3342 345 3439 [1.21&‘22.]
371 3358 443 3419 Ante
465 3350 564 3420 καλῖὄν
582 3378 634 3439 pro
657 3352 682 3445 x)
703 3358 819 3442 vulgata
841 3348 969 3417 habeti.

73 3446 125 3516 Τιῖν
136 3452 337 3542 dtanapdvlov,
354 3455 469 3517 subaudi
482 3449 602 3544 dvdpcir.

116 3539 156 3629 [1.
180 3544 260 3637 22.]
285 3564 339 3619 Pro
352 3550 387 3617 ‘td
403 3556 433 3614 in
446 3555 524 3639 vulg.
538 3556 595 3639 legi
608 3546 638 3616 ri
654 3573 718 3612 cum
732 3550 798 3612 edit.
817 3548 876 3612 Bas.
892 3548 969 3612 Med.

75 3657 97 3709 δι
108 3657 199 3715 Batrie.
