<?xml version="1.0" encoding="UTF-8"?>
<!DOCTYPE html PUBLIC "-//W3C//DTD XHTML 1.0 Transitional//EN"
    "http://www.w3.org/TR/xhtml1/DTD/xhtml1-transitional.dtd">
<html xmlns="http://www.w3.org/1999/xhtml" xml:lang="en" lang="en">
 <head>
  <title>
</title>
<meta http-equiv="Content-Type" content="text/html;charset=utf-8" />
  <meta name='ocr-system' content='tesseract 3.04.00' />
  <meta name='ocr-capabilities' content='ocr_page ocr_carea ocr_par ocr_line ocrx_word'/>
</head>
<body>
  <div class='ocr_page' id='page_1' title='image "./isocratisoperao01augegoog_0305.png"; bbox 0 0 2750 4742; ppageno 0'>
   <div class='ocr_carea' id='block_1_1' title="bbox 232 327 988 436">
    <p class='ocr_par' dir='ltr' id='par_1_1' title="bbox 232 327 988 436">
     <span class='ocr_line' id='line_1_1' title="bbox 232 327 988 436; baseline 0.003 -26"><span class='ocrx_word' id='word_1_1' title='bbox 232 330 501 414; x_wconf 80' lang='lat' dir='ltr'>rvnoonn</span> <span class='ocrx_word' id='word_1_2' title='bbox 532 327 837 411; x_wconf 77' lang='lat' dir='ltr'>rnnnnrro.</span> <span class='ocrx_word' id='word_1_3' title='bbox 921 348 988 436; x_wconf 70' lang='lat'>2⁸,</span> 
     </span>
    </p>
   </div>
   <div class='ocr_carea' id='block_1_2' title="bbox 32 467 1061 2756">
    <p class='ocr_par' dir='ltr' id='par_1_2' title="bbox 96 467 990 583">
     <span class='ocr_line' id='line_1_2' title="bbox 96 467 990 583; baseline 0.008 -32"><span class='ocrx_word' id='word_1_4' title='bbox 96 477 163 552; x_wconf 80' lang='lat' dir='ltr'>ellet</span> <span class='ocrx_word' id='word_1_5' title='bbox 183 480 356 581; x_wconf 71' lang='lat' dir='ltr'>prescius,</span> <span class='ocrx_word' id='word_1_6' title='bbox 376 477 419 551; x_wconf 83' lang='lat' dir='ltr'>stc</span> <span class='ocrx_word' id='word_1_7' title='bbox 441 476 556 551; x_wconf 79' lang='lat' dir='ltr'>animo</span> <span class='ocrx_word' id='word_1_8' title='bbox 580 467 715 551; x_wconf 66' lang='lat' dir='ltr'>affeffits</span> <span class='ocrx_word' id='word_1_9' title='bbox 736 477 819 552; x_wconf 81' lang='lat' dir='ltr'>suit:</span> <span class='ocrx_word' id='word_1_10' title='bbox 840 480 876 555; x_wconf 90' lang='lat' dir='ltr'>id</span> <span class='ocrx_word' id='word_1_11' title='bbox 896 480 990 583; x_wconf 82' lang='lat' dir='ltr'>quod</span> 
     </span>
    </p>

    <p class='ocr_par' dir='ltr' id='par_1_3' title="bbox 32 597 990 721">
     <span class='ocr_line' id='line_1_3' title="bbox 32 597 990 721; baseline 0.008 -51"><span class='ocrx_word' id='word_1_12' title='bbox 32 627 33 721; x_wconf 35' lang='lat' dir='ltr'>q</span> <span class='ocrx_word' id='word_1_13' title='bbox 94 597 152 700; x_wconf 69' lang='lat' dir='ltr'>ipsl</span> <span class='ocrx_word' id='word_1_14' title='bbox 168 626 201 675; x_wconf 84' lang='lat' dir='ltr'>re</span> <span class='ocrx_word' id='word_1_15' title='bbox 219 600 429 683; x_wconf 83' lang='lat' dir='ltr'>manifestum</span> <span class='ocrx_word' id='word_1_16' title='bbox 451 603 508 673; x_wconf 86' lang='lat' dir='ltr'>est.</span> <span class='ocrx_word' id='word_1_17' title='bbox 537 600 628 673; x_wconf 84' lang='lat' dir='ltr'>Nam</span> <span class='ocrx_word' id='word_1_18' title='bbox 643 627 747 700; x_wconf 89' lang='lat' dir='ltr'>quum</span> <span class='ocrx_word' id='word_1_19' title='bbox 762 602 797 673; x_wconf 92' lang='lat' dir='ltr'>in</span> <span class='ocrx_word' id='word_1_20' title='bbox 815 602 954 681; x_wconf 83' lang='lat' dir='ltr'>insulam</span> <span class='ocrx_word' id='word_1_21' title='bbox 970 607 990 678; x_wconf 82' lang='grc' dir='ltr'>ὲ</span> 
     </span>
    </p>

    <p class='ocr_par' dir='ltr' id='par_1_4' title="bbox 32 720 1061 820">
     <span class='ocr_line' id='line_1_4' title="bbox 32 720 1061 820; baseline 0.007 -29"><span class='ocrx_word' id='word_1_22' title='bbox 32 755 33 768; x_wconf 46' lang='lat'>¹</span> <span class='ocrx_word' id='word_1_23' title='bbox 91 722 158 794; x_wconf 82' lang='lat' dir='ltr'>navi</span> <span class='ocrx_word' id='word_1_24' title='bbox 168 721 407 807; x_wconf 82' lang='lat' dir='ltr'>descendiffer,</span> <span class='ocrx_word' id='word_1_25' title='bbox 427 746 497 793; x_wconf 91' lang='lat' dir='ltr'>non</span> <span class='ocrx_word' id='word_1_26' title='bbox 512 720 679 794; x_wconf 79' lang='lat' dir='ltr'>castellum</span> <span class='ocrx_word' id='word_1_27' title='bbox 699 721 835 820; x_wconf 80' lang='lat' dir='ltr'>aliquod</span> <span class='ocrx_word' id='word_1_28' title='bbox 854 721 989 798; x_wconf 87' lang='lat' dir='ltr'>firmum</span> <span class='ocrx_word' id='word_1_29' title='bbox 1057 748 1061 755; x_wconf 89' lang='lat'>·</span> 
     </span>
    </p>

    <p class='ocr_par' dir='ltr' id='par_1_5' title="bbox 32 839 992 1066">
     <span class='ocr_line' id='line_1_5' title="bbox 32 839 992 942; baseline 0.005 -30"><span class='ocrx_word' id='word_1_30' title='bbox 32 851 33 888; x_wconf 71' lang='lat'>³</span> <span class='ocrx_word' id='word_1_31' title='bbox 93 842 310 942; x_wconf 85' lang='lat' dir='ltr'>occupandum</span> <span class='ocrx_word' id='word_1_32' title='bbox 331 839 480 927; x_wconf 85' lang='lat' dir='ltr'>censuit,</span> <span class='ocrx_word' id='word_1_33' title='bbox 498 864 534 914; x_wconf 89' lang='lat' dir='ltr'>ut</span> <span class='ocrx_word' id='word_1_34' title='bbox 551 863 689 941; x_wconf 86' lang='lat' dir='ltr'>corpore</span> <span class='ocrx_word' id='word_1_35' title='bbox 706 839 764 913; x_wconf 90' lang='lat' dir='ltr'>suo</span> <span class='ocrx_word' id='word_1_36' title='bbox 779 841 815 913; x_wconf 94' lang='lat' dir='ltr'>in</span> <span class='ocrx_word' id='word_1_37' title='bbox 832 866 903 917; x_wconf 90' lang='lat' dir='ltr'>turo</span> <span class='ocrx_word' id='word_1_38' title='bbox 921 844 992 917; x_wconf 85' lang='lat' dir='ltr'>col-</span> 
     </span>
     <span class='ocr_line' id='line_1_6' title="bbox 91 962 991 1066; baseline 0.007 -33"><span class='ocrx_word' id='word_1_39' title='bbox 91 962 187 1037; x_wconf 82' lang='lat' dir='ltr'>locato</span> <span class='ocrx_word' id='word_1_40' title='bbox 202 962 466 1065; x_wconf 79' lang='lat' dir='ltr'>circumspiceret</span> <span class='ocrx_word' id='word_1_41' title='bbox 478 986 520 1035; x_wconf 86' lang='lat' dir='ltr'>an</span> <span class='ocrx_word' id='word_1_42' title='bbox 540 963 643 1062; x_wconf 84' lang='lat' dir='ltr'>aliqui</span> <span class='ocrx_word' id='word_1_43' title='bbox 657 964 783 1037; x_wconf 87' lang='lat' dir='ltr'>civium</span> <span class='ocrx_word' id='word_1_44' title='bbox 800 966 991 1066; x_wconf 83' lang='lat' dir='ltr'>opitulaturi</span> 
     </span>
    </p>

    <p class='ocr_par' dir='ltr' id='par_1_6' title="bbox 32 1083 989 1187">
     <span class='ocr_line' id='line_1_7' title="bbox 32 1083 989 1187; baseline 0.003 -30"><span class='ocrx_word' id='word_1_45' title='bbox 32 1121 33 1130; x_wconf 17' lang='grc' dir='ltr'><strong>κ</strong></span> <span class='ocrx_word' id='word_1_46' title='bbox 90 1083 200 1185; x_wconf 80' lang='lat' dir='ltr'>effent3</span> <span class='ocrx_word' id='word_1_47' title='bbox 223 1083 283 1158; x_wconf 86' lang='lat' dir='ltr'>sed</span> <span class='ocrx_word' id='word_1_48' title='bbox 302 1111 402 1169; x_wconf 87' lang='lat' dir='ltr'>mox,</span> <span class='ocrx_word' id='word_1_49' title='bbox 418 1107 455 1157; x_wconf 90' lang='lat' dir='ltr'>ut</span> <span class='ocrx_word' id='word_1_50' title='bbox 472 1106 541 1157; x_wconf 86' lang='lat' dir='ltr'>erat</span> <span class='ocrx_word' id='word_1_51' title='bbox 555 1110 708 1186; x_wconf 83' lang='lat' dir='ltr'>paratus,</span> <span class='ocrx_word' id='word_1_52' title='bbox 728 1084 766 1158; x_wconf 74' lang='lat' dir='ltr'>et</span> <span class='ocrx_word' id='word_1_53' title='bbox 781 1086 850 1187; x_wconf 73' lang='lat' dir='ltr'>ipsd</span> <span class='ocrx_word' id='word_1_54' title='bbox 866 1094 966 1161; x_wconf 75' lang='lat' dir='ltr'>nodle</span> <span class='ocrx_word' id='word_1_55' title='bbox 976 1140 989 1173; x_wconf 97' lang='lat'>,</span> 
     </span>
    </p>

    <p class='ocr_par' dir='ltr' id='par_1_7' title="bbox 32 1202 991 1307">
     <span class='ocr_line' id='line_1_8' title="bbox 32 1202 991 1307; baseline 0.003 -31"><span class='ocrx_word' id='word_1_56' title='bbox 32 1243 33 1260; x_wconf 67' lang='lat'>2</span> <span class='ocrx_word' id='word_1_57' title='bbox 89 1204 176 1304; x_wconf 76' lang='lat' dir='ltr'>parvl</span> <span class='ocrx_word' id='word_1_58' title='bbox 189 1205 279 1278; x_wconf 89' lang='lat' dir='ltr'>muri</span> <span class='ocrx_word' id='word_1_59' title='bbox 291 1204 386 1305; x_wconf 77' lang='lat' dir='ltr'>portal</span> <span class='ocrx_word' id='word_1_60' title='bbox 396 1202 579 1305; x_wconf 73' lang='lat' dir='ltr'>perfrtstd,</span> <span class='ocrx_word' id='word_1_61' title='bbox 595 1203 757 1304; x_wconf 84' lang='lat' dir='ltr'>sociisque</span> <span class='ocrx_word' id='word_1_62' title='bbox 774 1232 921 1307; x_wconf 87' lang='lat' dir='ltr'>peream</span> <span class='ocrx_word' id='word_1_63' title='bbox 934 1207 991 1279; x_wconf 86' lang='lat' dir='ltr'>in-</span> 
     </span>
    </p>

    <p class='ocr_par' dir='ltr' id='par_1_8' title="bbox 32 1322 989 1427">
     <span class='ocr_line' id='line_1_9' title="bbox 32 1322 989 1427; baseline 0.004 -28"><span class='ocrx_word' id='word_1_64' title='bbox 32 1365 33 1368; x_wconf 37' lang='lat'><em>*</em></span> <span class='ocrx_word' id='word_1_65' title='bbox 90 1324 258 1410; x_wconf 72' lang='lat' dir='ltr'>trodudtis,</span> <span class='ocrx_word' id='word_1_66' title='bbox 274 1328 436 1427; x_wconf 88' lang='lat' dir='ltr'>impetum</span> <span class='ocrx_word' id='word_1_67' title='bbox 451 1326 487 1397; x_wconf 93' lang='lat' dir='ltr'>in</span> <span class='ocrx_word' id='word_1_68' title='bbox 505 1326 630 1425; x_wconf 80' lang='lat' dir='ltr'>regiam</span> <span class='ocrx_word' id='word_1_69' title='bbox 651 1324 740 1399; x_wconf 85' lang='lat' dir='ltr'>fecit.</span> <span class='ocrx_word' id='word_1_70' title='bbox 766 1322 817 1398; x_wconf 87' lang='lat' dir='ltr'>Ac</span> <span class='ocrx_word' id='word_1_71' title='bbox 833 1328 989 1403; x_wconf 85' lang='lat' dir='ltr'>tumultus</span> 
     </span>
    </p>

    <p class='ocr_par' dir='ltr' id='par_1_9' title="bbox 32 1427 990 1547">
     <span class='ocr_line' id='line_1_10' title="bbox 32 1427 990 1547; baseline 0.003 -29"><span class='ocrx_word' id='word_1_72' title='bbox 32 1427 33 1492; x_wconf 56' lang='lat' dir='ltr'>l</span> <span class='ocrx_word' id='word_1_73' title='bbox 90 1445 213 1547; x_wconf 87' lang='lat' dir='ltr'>quidem</span> <span class='ocrx_word' id='word_1_74' title='bbox 235 1448 295 1547; x_wconf 90' lang='lat' dir='ltr'>qui</span> <span class='ocrx_word' id='word_1_75' title='bbox 317 1444 509 1545; x_wconf 86' lang='lat' dir='ltr'>hujusmodi</span> <span class='ocrx_word' id='word_1_76' title='bbox 530 1444 734 1546; x_wconf 84' lang='lat' dir='ltr'>temporibus</span> <span class='ocrx_word' id='word_1_77' title='bbox 758 1444 931 1537; x_wconf 85' lang='lat' dir='ltr'>incidunt,</span> <span class='ocrx_word' id='word_1_78' title='bbox 953 1456 990 1521; x_wconf 91' lang='lat'>&amp;</span> 
     </span>
    </p>

    <p class='ocr_par' dir='ltr' id='par_1_10' title="bbox 32 1565 991 1666">
     <span class='ocr_line' id='line_1_11' title="bbox 32 1565 991 1666; baseline 0.003 -29"><span class='ocrx_word' id='word_1_79' title='bbox 32 1649 33 1654; x_wconf 7' lang='grc' dir='ltr'>η</span> <span class='ocrx_word' id='word_1_80' title='bbox 88 1591 259 1639; x_wconf 85' lang='lat' dir='ltr'>ceterorum</span> <span class='ocrx_word' id='word_1_81' title='bbox 274 1565 548 1666; x_wconf 85' lang='lat' dir='ltr'>trepidationem,</span> <span class='ocrx_word' id='word_1_82' title='bbox 570 1574 605 1639; x_wconf 92' lang='lat'>&amp;</span> <span class='ocrx_word' id='word_1_83' title='bbox 622 1566 867 1639; x_wconf 78' lang='lat' dir='ltr'>exhortationes</span> <span class='ocrx_word' id='word_1_84' title='bbox 882 1566 969 1640; x_wconf 85' lang='lat' dir='ltr'>illius</span> <span class='ocrx_word' id='word_1_85' title='bbox 978 1620 991 1654; x_wconf 97' lang='lat'>,</span> 
     </span>
    </p>

    <p class='ocr_par' dir='ltr' id='par_1_11' title="bbox 32 1669 990 1784">
     <span class='ocr_line' id='line_1_12' title="bbox 32 1669 990 1784; baseline 0.005 -26"><span class='ocrx_word' id='word_1_86' title='bbox 32 1669 33 1672; x_wconf 9' lang='grc' dir='ltr'><strong>Ἴ</strong></span> <span class='ocrx_word' id='word_1_87' title='bbox 87 1686 184 1759; x_wconf 86' lang='lat' dir='ltr'>multis</span> <span class='ocrx_word' id='word_1_88' title='bbox 199 1684 320 1759; x_wconf 88' lang='lat' dir='ltr'>referre</span> <span class='ocrx_word' id='word_1_89' title='bbox 339 1685 497 1784; x_wconf 74' lang='lat' dir='ltr'>quorsum</span> <span class='ocrx_word' id='word_1_90' title='bbox 518 1680 658 1760; x_wconf 89' lang='lat' dir='ltr'>attinet?</span> <span class='ocrx_word' id='word_1_91' title='bbox 679 1686 914 1761; x_wconf 86' lang='lat' dir='ltr'>Refistentibus</span> <span class='ocrx_word' id='word_1_92' title='bbox 934 1718 990 1763; x_wconf 89' lang='lat' dir='ltr'>au-</span> 
     </span>
    </p>

    <p class='ocr_par' dir='ltr' id='par_1_12' title="bbox 32 1803 990 1908">
     <span class='ocr_line' id='line_1_13' title="bbox 32 1803 990 1908; baseline 0.002 -28"><span class='ocrx_word' id='word_1_93' title='bbox 32 1845 33 1880; x_wconf 83' lang='lat'>1</span> <span class='ocrx_word' id='word_1_94' title='bbox 88 1830 146 1877; x_wconf 90' lang='lat' dir='ltr'>rem</span> <span class='ocrx_word' id='word_1_95' title='bbox 161 1805 218 1906; x_wconf 86' lang='lat' dir='ltr'>ipfi</span> <span class='ocrx_word' id='word_1_96' title='bbox 232 1805 402 1879; x_wconf 90' lang='lat' dir='ltr'>nonnullis</span> <span class='ocrx_word' id='word_1_97' title='bbox 416 1806 499 1907; x_wconf 85' lang='lat' dir='ltr'>regis</span> <span class='ocrx_word' id='word_1_98' title='bbox 513 1803 729 1892; x_wconf 85' lang='lat' dir='ltr'>satellitibus,</span> <span class='ocrx_word' id='word_1_99' title='bbox 752 1804 990 1908; x_wconf 75' lang='lat' dir='ltr'>spellanribus-</span> 
     </span>
    </p>

    <p class='ocr_par' dir='ltr' id='par_1_13' title="bbox 32 1915 988 2027">
     <span class='ocr_line' id='line_1_14' title="bbox 87 1925 988 2027; baseline 0.005 -28.712"><span class='ocrx_word' id='word_1_100' title='bbox 87 1952 141 2025; x_wconf 91' lang='lat' dir='ltr'>que</span> <span class='ocrx_word' id='word_1_101' title='bbox 151 1926 275 2000; x_wconf 88' lang='lat' dir='ltr'>civibus</span> <span class='ocrx_word' id='word_1_102' title='bbox 286 1925 646 2023; x_wconf 77' lang='lat' dir='ltr'>cererir(namalterius</span> <span class='ocrx_word' id='word_1_103' title='bbox 655 1927 988 2027; x_wconf 83' lang='lat' dir='ltr'>imperium,alterius</span> 
     </span>
    </p>

    <p class='ocr_par' dir='ltr' id='par_1_14' title="bbox 32 2047 987 2154">
     <span class='ocr_line' id='line_1_15' title="bbox 32 2047 987 2154; baseline 0.005 -33"><span class='ocrx_word' id='word_1_104' title='bbox 32 2071 33 2154; x_wconf 42' lang='lat'><em>3</em></span> <span class='ocrx_word' id='word_1_105' title='bbox 88 2048 229 2122; x_wconf 83' lang='lat' dir='ltr'>virtutem</span> <span class='ocrx_word' id='word_1_106' title='bbox 241 2072 445 2135; x_wconf 88' lang='lat' dir='ltr'>metuentes,</span> <span class='ocrx_word' id='word_1_107' title='bbox 458 2047 710 2147; x_wconf 82' lang='lat' dir='ltr'>quiescebant),</span> <span class='ocrx_word' id='word_1_108' title='bbox 727 2076 796 2122; x_wconf 90' lang='lat' dir='ltr'>non</span> <span class='ocrx_word' id='word_1_109' title='bbox 808 2050 895 2152; x_wconf 79' lang='lat' dir='ltr'>prids</span> <span class='ocrx_word' id='word_1_110' title='bbox 905 2080 987 2154; x_wconf 78' lang='lat' dir='ltr'>pug-</span> 
     </span>
    </p>

    <p class='ocr_par' dir='ltr' id='par_1_15' title="bbox 32 2166 985 2266">
     <span class='ocr_line' id='line_1_16' title="bbox 32 2166 985 2266; baseline 0.007 -29"><span class='ocrx_word' id='word_1_111' title='bbox 32 2221 33 2266; x_wconf 39' lang='lat'>4</span> <span class='ocrx_word' id='word_1_112' title='bbox 88 2194 153 2242; x_wconf 83' lang='lat' dir='ltr'>nare</span> <span class='ocrx_word' id='word_1_113' title='bbox 172 2168 320 2253; x_wconf 91' lang='lat' dir='ltr'>destitit,</span> <span class='ocrx_word' id='word_1_114' title='bbox 344 2166 449 2241; x_wconf 75' lang='lat' dir='ltr'>modo</span> <span class='ocrx_word' id='word_1_115' title='bbox 470 2166 558 2240; x_wconf 88' lang='lat' dir='ltr'>solus</span> <span class='ocrx_word' id='word_1_116' title='bbox 576 2171 691 2242; x_wconf 81' lang='lat' dir='ltr'>contrd</span> <span class='ocrx_word' id='word_1_117' title='bbox 712 2168 856 2255; x_wconf 82' lang='lat' dir='ltr'>multos,</span> <span class='ocrx_word' id='word_1_118' title='bbox 880 2172 985 2245; x_wconf 77' lang='lat' dir='ltr'>modd</span> 
     </span>
    </p>

    <p class='ocr_par' dir='ltr' id='par_1_16' title="bbox 32 2281 983 2394">
     <span class='ocr_line' id='line_1_17' title="bbox 32 2281 983 2394; baseline 0.004 -33"><span class='ocrx_word' id='word_1_119' title='bbox 32 2281 33 2306; x_wconf 72' lang='lat'>³</span> <span class='ocrx_word' id='word_1_120' title='bbox 87 2318 150 2362; x_wconf 90' lang='lat' dir='ltr'>cum</span> <span class='ocrx_word' id='word_1_121' title='bbox 161 2291 270 2391; x_wconf 79' lang='lat' dir='ltr'>paucis</span> <span class='ocrx_word' id='word_1_122' title='bbox 282 2288 436 2362; x_wconf 75' lang='lat' dir='ltr'>advertiis</span> <span class='ocrx_word' id='word_1_123' title='bbox 447 2288 632 2377; x_wconf 85' lang='lat' dir='ltr'>universos,</span> <span class='ocrx_word' id='word_1_124' title='bbox 645 2292 763 2391; x_wconf 78' lang='lat' dir='ltr'>qudm,</span> <span class='ocrx_word' id='word_1_125' title='bbox 776 2292 868 2393; x_wconf 74' lang='lat' dir='ltr'>captd</span> <span class='ocrx_word' id='word_1_126' title='bbox 879 2294 983 2394; x_wconf 75' lang='lat' dir='ltr'>regid,</span> 
     </span>
    </p>

    <p class='ocr_par' dir='ltr' id='par_1_17' title="bbox 32 2410 1022 2632">
     <span class='ocr_line' id='line_1_18' title="bbox 32 2410 1022 2513; baseline 0.003 -30"><span class='ocrx_word' id='word_1_127' title='bbox 32 2443 33 2458; x_wconf 55' lang='lat'>¹</span> <span class='ocrx_word' id='word_1_128' title='bbox 88 2412 233 2485; x_wconf 86' lang='lat' dir='ltr'>&amp;hostes</span> <span class='ocrx_word' id='word_1_129' title='bbox 255 2410 341 2484; x_wconf 82' lang='lat' dir='ltr'>ultus</span> <span class='ocrx_word' id='word_1_130' title='bbox 362 2410 462 2495; x_wconf 80' lang='lat' dir='ltr'>effer,</span> <span class='ocrx_word' id='word_1_131' title='bbox 480 2418 517 2483; x_wconf 74' lang='grc' dir='ltr'>δε</span> <span class='ocrx_word' id='word_1_132' title='bbox 536 2412 648 2505; x_wconf 85' lang='lat' dir='ltr'>amicis</span> <span class='ocrx_word' id='word_1_133' title='bbox 668 2410 788 2486; x_wconf 83' lang='lat' dir='ltr'>ruliffet</span> <span class='ocrx_word' id='word_1_134' title='bbox 805 2438 929 2513; x_wconf 91' lang='lat' dir='ltr'>opem,</span> <span class='ocrx_word' id='word_1_135' title='bbox 948 2422 984 2486; x_wconf 76' lang='grc' dir='ltr'>δε</span> <span class='ocrx_word' id='word_1_136' title='bbox 1020 2428 1022 2435; x_wconf 88' lang='grc'><strong>“</strong></span> 
     </span>
     <span class='ocr_line' id='line_1_19' title="bbox 87 2531 984 2632; baseline -0.002 -27"><span class='ocrx_word' id='word_1_137' title='bbox 87 2534 191 2632; x_wconf 85' lang='lat' dir='ltr'>patrios</span> <span class='ocrx_word' id='word_1_138' title='bbox 208 2534 354 2605; x_wconf 85' lang='lat' dir='ltr'>honores</span> <span class='ocrx_word' id='word_1_139' title='bbox 373 2531 436 2605; x_wconf 82' lang='lat' dir='ltr'>fuae</span> <span class='ocrx_word' id='word_1_140' title='bbox 452 2532 634 2605; x_wconf 74' lang='lat' dir='ltr'>restituisset</span> <span class='ocrx_word' id='word_1_141' title='bbox 649 2532 805 2622; x_wconf 71' lang='lat' dir='ltr'>familia,</span> <span class='ocrx_word' id='word_1_142' title='bbox 825 2542 860 2607; x_wconf 80' lang='grc' dir='ltr'>δι</span> <span class='ocrx_word' id='word_1_143' title='bbox 874 2532 984 2607; x_wconf 78' lang='lat' dir='ltr'>domi·</span> 
     </span>
    </p>

    <p class='ocr_par' dir='ltr' id='par_1_18' title="bbox 33 2652 666 2756">
     <span class='ocr_line' id='line_1_20' title="bbox 33 2652 666 2756; baseline 0.005 -32"><span class='ocrx_word' id='word_1_144' title='bbox 33 2669 34 2674; x_wconf 75' lang='grc'>’</span> <span class='ocrx_word' id='word_1_145' title='bbox 87 2681 154 2730; x_wconf 90' lang='lat' dir='ltr'>num</span> <span class='ocrx_word' id='word_1_146' title='bbox 164 2655 305 2731; x_wconf 85' lang='lat' dir='ltr'>civitatis</span> <span class='ocrx_word' id='word_1_147' title='bbox 317 2653 386 2756; x_wconf 84' lang='lat' dir='ltr'>ipse</span> <span class='ocrx_word' id='word_1_148' title='bbox 397 2653 431 2727; x_wconf 88' lang='lat' dir='ltr'>se</span> <span class='ocrx_word' id='word_1_149' title='bbox 444 2652 666 2727; x_wconf 83' lang='lat' dir='ltr'>constituiffet.</span> 
     </span>
    </p>
   </div>
   <div class='ocr_carea' id='block_1_3' title="bbox 88 3263 977 3615">
    <p class='ocr_par' dir='ltr' id='par_1_19' title="bbox 88 3263 977 3615">
     <span class='ocr_line' id='line_1_21' title="bbox 130 3263 977 3368; baseline 0.006 -28"><span class='ocrx_word' id='word_1_150' title='bbox 130 3275 177 3359; x_wconf 84' lang='lat'>3⁰.</span> <span class='ocrx_word' id='word_1_151' title='bbox 200 3263 365 3368; x_wconf 79' lang='lat' dir='ltr'>Equidem</span> <span class='ocrx_word' id='word_1_152' title='bbox 381 3266 551 3354; x_wconf 81' lang='lat' dir='ltr'>existimo,</span> <span class='ocrx_word' id='word_1_153' title='bbox 570 3266 695 3343; x_wconf 79' lang='lat' dir='ltr'>etiamfi</span> <span class='ocrx_word' id='word_1_154' title='bbox 718 3266 802 3345; x_wconf 91' lang='lat' dir='ltr'>nihil</span> <span class='ocrx_word' id='word_1_155' title='bbox 824 3294 977 3345; x_wconf 85' lang='lat' dir='ltr'>comme·</span> 
     </span>
     <span class='ocr_line' id='line_1_22' title="bbox 88 3389 977 3478; baseline 0.008 -20"><span class='ocrx_word' id='word_1_156' title='bbox 88 3412 199 3463; x_wconf 83' lang='lat' dir='ltr'>morem</span> <span class='ocrx_word' id='word_1_157' title='bbox 217 3389 308 3463; x_wconf 79' lang='lat' dir='ltr'>aliud</span> <span class='ocrx_word' id='word_1_158' title='bbox 318 3442 331 3476; x_wconf 92' lang='lat'>,</span> <span class='ocrx_word' id='word_1_159' title='bbox 345 3389 405 3463; x_wconf 85' lang='lat' dir='ltr'>sed</span> <span class='ocrx_word' id='word_1_160' title='bbox 424 3390 477 3463; x_wconf 82' lang='lat' dir='ltr'>hle</span> <span class='ocrx_word' id='word_1_161' title='bbox 493 3391 597 3466; x_wconf 83' lang='lat' dir='ltr'>finem</span> <span class='ocrx_word' id='word_1_162' title='bbox 613 3391 748 3466; x_wconf 89' lang='lat' dir='ltr'>dicendi</span> <span class='ocrx_word' id='word_1_163' title='bbox 766 3391 907 3478; x_wconf 84' lang='lat' dir='ltr'>faciam,</span> <span class='ocrx_word' id='word_1_164' title='bbox 929 3416 977 3465; x_wconf 82' lang='lat' dir='ltr'>ta-</span> 
     </span>
     <span class='ocr_line' id='line_1_23' title="bbox 89 3510 977 3615; baseline 0.007 -33"><span class='ocrx_word' id='word_1_165' title='bbox 89 3532 154 3582; x_wconf 84' lang='lat' dir='ltr'>men</span> <span class='ocrx_word' id='word_1_166' title='bbox 170 3536 210 3585; x_wconf 85' lang='lat' dir='ltr'>ex</span> <span class='ocrx_word' id='word_1_167' title='bbox 226 3510 278 3583; x_wconf 79' lang='lat' dir='ltr'>his</span> <span class='ocrx_word' id='word_1_168' title='bbox 299 3520 336 3585; x_wconf 73' lang='grc' dir='ltr'>δι</span> <span class='ocrx_word' id='word_1_169' title='bbox 349 3512 507 3612; x_wconf 74' lang='lat' dir='ltr'>Evagorae</span> <span class='ocrx_word' id='word_1_170' title='bbox 522 3512 704 3597; x_wconf 84' lang='lat' dir='ltr'>virtutem,</span> <span class='ocrx_word' id='word_1_171' title='bbox 720 3521 756 3587; x_wconf 76' lang='grc' dir='ltr'>δι</span> <span class='ocrx_word' id='word_1_172' title='bbox 774 3513 977 3615; x_wconf 82' lang='lat' dir='ltr'>magnitudi-</span> 
     </span>
    </p>
   </div>
   <div class='ocr_carea' id='block_1_4' title="bbox 89 3632 976 3834">
    <p class='ocr_par' dir='ltr' id='par_1_20' title="bbox 89 3632 976 3834">
     <span class='ocr_line' id='line_1_24' title="bbox 89 3632 976 3739; baseline 0.017 -42"><span class='ocrx_word' id='word_1_173' title='bbox 89 3650 271 3705; x_wconf 84' lang='lat' dir='ltr'>nemrerunr</span> <span class='ocrx_word' id='word_1_174' title='bbox 289 3632 331 3705; x_wconf 82' lang='lat' dir='ltr'>ab</span> <span class='ocrx_word' id='word_1_175' title='bbox 346 3660 389 3707; x_wconf 91' lang='lat' dir='ltr'>eo</span> <span class='ocrx_word' id='word_1_176' title='bbox 401 3632 582 3735; x_wconf 83' lang='lat' dir='ltr'>gestarum,</span> <span class='ocrx_word' id='word_1_177' title='bbox 596 3632 692 3712; x_wconf 72' lang='lat' dir='ltr'>facile</span> <span class='ocrx_word' id='word_1_178' title='bbox 703 3633 859 3736; x_wconf 83' lang='lat' dir='ltr'>cognosci</span> <span class='ocrx_word' id='word_1_179' title='bbox 876 3632 976 3739; x_wconf 80' lang='lat' dir='ltr'>polle.</span> 
     </span>
     <span class='ocr_line' id='line_1_25' title="bbox 91 3758 832 3834; baseline 0.003 -7"><span class='ocrx_word' id='word_1_180' title='bbox 91 3779 93 3784; x_wconf 79' lang='grc'>’</span> <span class='ocrx_word' id='word_1_181' title='bbox 175 3759 270 3832; x_wconf 79' lang='lat' dir='ltr'>Tomt</span> <span class='ocrx_word' id='word_1_182' title='bbox 283 3760 334 3834; x_wconf 84' lang='grc' dir='ltr'>ΙΙ.</span> <span class='ocrx_word' id='word_1_183' title='bbox 797 3758 832 3829; x_wconf 93' lang='lat' dir='ltr'><strong>T</strong></span> 
     </span>
    </p>
   </div>
   <div class='ocr_carea' id='block_1_5' title="bbox 0 0 1380 4742">
    <p class='ocr_par' dir='ltr' id='par_1_21' title="bbox 0 0 1380 4742">
     <span class='ocr_line' id='line_1_26' title="bbox 0 0 1380 4742; baseline 0 1"><span class='ocrx_word' id='word_1_184' title='bbox 0 0 1380 4742; x_wconf 95' lang='lat' dir='ltr'> </span> 
     </span>
    </p>
   </div>
  </div>
 </body>
</html>
