2750 4742
318 379 851 462 PANATHENAICUS.
977 409 1041 484 551

129 529 251 628 justitia
267 526 304 602 in
328 531 446 606 animis
470 528 675 614 innascitur,
703 529 747 604 de
771 530 836 629 qud
853 529 965 603 omnis
979 532 1048 604 hac

134 651 244 725 oratio
260 655 315 727 est.
334 653 411 748 Qud
424 653 563 752 quidam
580 652 754 753 negkdbl,
777 679 834 727 eos
844 653 979 727 laudant
989 653 1049 752 qui

133 773 228 875 plura
242 778 416 878 peccdrunt
433 777 536 876 quim
552 775 630 859 alii,
652 801 713 847 nec
729 775 998 849 animadvertunt
1014 775 1049 848 se

131 922 283 972 mentem
300 898 393 972 suam
406 899 532 999 aperire
541 950 552 983 ,
569 924 607 970 ac
625 896 709 970 illud
725 895 937 997 praeseferre
955 897 1048 997 quod

129 1043 189 1094 eos
201 1019 302 1092 etiarn
322 1017 484 1092 laudaturi
502 1017 563 1090 sint
581 1017 639 1116 qui
653 1017 805 1090 maximis
821 1017 959 1115 quidem
971 1018 1048 1119 opi-

128 1138 192 1212 bus
208 1140 379 1242 polleant,
402 1140 460 1214 sed
475 1151 511 1214 δι
523 1139 638 1216 fratres
653 1139 729 1214 suos
749 1149 785 1214 δε
804 1139 928 1213 amicos
944 1149 980 1213 &
994 1136 1047 1211 so-

129 1261 200 1334 cios
226 1261 377 1336 occidere
396 1288 465 1333 non
488 1259 700 1347 dubitarent,
718 1285 754 1334 ut
774 1288 891 1335 eorum
912 1287 1048 1360 quoque

129 1381 270 1482 pecunid
283 1383 477 1482 potirentur.
490 1381 580 1454 Nam
594 1382 670 1455 talia
684 1380 833 1456 facinora
843 1380 959 1454 srmilia
971 1373 1047 1454 sunt

129 1504 368 1602 Spartanorum
383 1501 501 1598 fastis3
519 1530 591 1601 quae
601 1505 658 1602 qui
673 1503 838 1604 probant,
852 1531 908 1577 eos
920 1501 1046 1576 neceffe

131 1625 179 1698 est
196 1622 287 1698 idem
305 1623 348 1700 de
365 1625 404 1698 iis
421 1627 523 1702 etiarn
539 1624 659 1700 sentire
676 1653 749 1725 quae
769 1627 875 1701 modo
893 1649 1045 1699 comme-

131 1746 346 1823 mutavimus.

132 2301 135 2308 .
180 2238 292 2313 Miror
307 2203 453 2315 autemst
469 2241 527 2342 qui
542 2237 616 2315 sunt
634 2241 692 2342 qui
714 2241 823 2344 praelia
835 2249 872 2315 &
889 2239 1046 2316 victorias

128 2385 244 2462 praetet
255 2370 306 2462 jus
321 2372 356 2435 &
368 2389 499 2462 aequum
509 2387 614 2466 partas
623 2416 634 2449 ,
654 2390 724 2436 non
738 2363 801 2436 effe
810 2362 989 2464 turpiores,
1007 2372 1044 2437 &

129 2481 277 2582 pluribus
289 2468 416 2584 probris
426 2484 594 2558 abundare
606 2508 740 2586 putent,
752 2485 852 2585 qualm
861 2485 968 2559 clades
977 2483 1044 2557 line

127 2601 263 2713 ignavial
277 2629 423 2704 acceptas
437 2635 448 2701 3
469 2603 648 2706 praesertim
664 2635 769 2708 quum
785 2606 889 2679 sciant
905 2629 1045 2706 magnos

130 2725 289 2798 exercitus
305 2780 316 2812 ‚
334 2725 411 2800 licet
427 2753 467 2801 ex
480 2726 642 2812 sceleratis
656 2731 835 2816 conflatos,
853 2727 935 2829 [περὶ
947 2725 1045 2828 supe-

129 2845 232 2920 riores
243 2845 307 2920 effe
319 2847 397 2921 viris
408 2839 576 2935 honestis,
595 2849 653 2949 qui
670 2876 729 2954 pro
740 2847 842 2950 pattil
857 2874 927 2920 non
943 2845 1046 2922 dubi·

130 2957 204 3042 iant
228 2967 429 3070 periclitati:
457 2998 541 3070 quos
565 2969 671 3044 multd
697 2969 822 3043 laudari
843 2969 954 3068 justius
976 2972 1043 3055 est,

130 3090 234 3188 quim
247 3091 375 3189 eosqui
388 3091 569 3164 alienarum
586 3117 691 3191 opum
706 3089 884 3190 cupiditate
899 3113 1044 3163 mortem

129 3211 289 3310 oppetere
302 3236 372 3283 non
386 3210 550 3297 recusant,
567 3209 779 3283 conduoitiis
789 3208 947 3282 militibus
957 3208 1046 3282 fimi-

128 3331 187 3406 les.
206 3333 287 3405 Haec
296 3331 389 3405 enim
403 3331 635 3434 improborum
649 3331 826 3404 hominum
837 3356 937 3431 opera
950 3330 1042 3403 sunt:

130 3453 224 3553 'quod
233 3477 344 3527 autem
353 3451 436 3524 boni
446 3454 509 3527 viri
519 3479 763 3552 nonnunquam
771 3449 933 3524 infelicius
942 3451 1044 3551 qulm

132 3573 193 3674 qui
210 3573 342 3646 student
356 3572 482 3673 injuriis
497 3571 698 3658 inferendis,
716 3571 920 3672 preliantur,
939 3572 975 3645 id
992 3573 1045 3644 in-

132 3696 229 3770 cutiae
244 3697 398 3772 Deorum
413 3696 550 3772 fortassis
562 3697 607 3774 est
617 3695 842 3770 tribuendum.
857 3697 970 3796 Atque
979 3696 1044 3769 hoc
