2750 4742
561 495 1147 646 ¹'tartarusrsx
1252 570 1257 579 ·

411 733 414 739 ¹
506 729 940 815 ¹LAUDATIONIS
982 740 1239 813 HELENAE.

620 944 1114 1002 PROPOSITUM.

413 1029 467 1131 H
476 1089 524 1129 nc
537 1069 645 1138 oratio,
657 1088 689 1129 ut
701 1068 757 1149 ipse
769 1067 876 1149 praefert
886 1070 997 1143 titulus,
1010 1067 1109 1152 scripta
1121 1067 1161 1130 est
1174 1070 1202 1128 in
1213 1067 1315 1129 laudern

414 1169 549 1242 Helena,
562 1169 677 1234 samosat
689 1171 764 1233 illius
773 1173 905 1233 mulieris.

791 1274 941 1353 Prologus.

339 1426 342 1430 .
406 1359 409 1365 4
451 1384 485 1438 In
499 1377 634 1460 prologo,
648 1376 769 1459 longiori
786 1372 921 1447 fortassis,
938 1378 1026 1456 carpit
1040 1395 1134 1436 orator
1148 1373 1272 1457 sophistas
1289 1384 1317 1436 δι

412 1478 535 1539 rhetores
548 1481 596 1561 qui
611 1475 725 1538 absurda
737 1478 819 1537 nimis
832 1486 858 1538 δι
876 1476 1020 1539 insolentia
1035 1496 1198 1558 argumenta
1212 1482 1317 1539 trallate

336 1625 342 1633 -
413 1580 441 1643 se
459 1583 656 1666 gloriabantur.
679 1581 798 1642 Illorum
808 1580 907 1662 scripta
917 1582 1024 1652 elevat,
1036 1579 1102 1642 dunt
1114 1580 1246 1651 ostendit,

461 1699 506 1750 1⁰.
525 1687 600 1767 lpsos
611 1684 683 1745 nihil
693 1688 762 1745 novi
772 1683 937 1770 excogitasse
950 1709 957 1743 :

458 1794 500 1853 2⁰.
513 1786 595 1851 Circh
602 1812 642 1849 res
650 1788 907 1870 frivolasoccupati‚
916 1785 983 1849 dnn
992 1788 1065 1849 striis
1074 1788 1178 1850 studere
1185 1788 1318 1849 deberent:

460 1907 505 1970 3⁰.
523 1893 603 1952 Lucri
615 1890 697 1951 causa
708 1889 863 1951 istiusmodi
874 1888 1104 1972 disputationibus
1118 1892 1259 1953 delestari:

455 2004 504 2072 4⁰.
524 1991 714 2055 Adolescentes
724 1994 870 2077 impetitos¹
876 1994 998 2074 decipere
1013 1995 1061 2075 qui
1074 1993 1193 2074 ipsorum
1207 1993 1317 2074 discipli·

416 2120 482 2160 narn
498 2097 641 2159 sectantur.
965 2178 967 2183 Ι
1018 2162 1029 2179 Ι.

459 2204 503 2281 5⁰.
521 2197 701 2264 Paulhlufiris
710 2200 879 2275 demonstrat
888 2198 1001 2263 eosdem
1013 2198 1165 2284 sophistas,
1180 2196 1314 2262 dtimvilia

417 2307 535 2365 ttastant
545 2285 719 2389 argumenta,
735 2303 836 2366 versati
845 2304 917 2366 citc⁸a
928 2304 982 2370 hoc
993 2304 1068 2387 quod
1077 2304 1116 2365 est
1127 2306 1156 2365 in
1167 2302 1313 2388 eloquentii

418 2406 605 2484 facillimum,
620 2407 723 2468 omissis
738 2408 949 2469 difficilioribus.
1024 2470 1036 2497 ,ἰ
1066 2388 1070 2395 ’

458 2519 505 2569 6⁰.
525 2508 633 2571 Transn
642 2509 677 2569 ad
688 2508 824 2571 Helenam
836 2516 912 2591 cujus
923 2510 1110 2583 laudationem
1120 2508 1230 2569 scribere
1240 2506 1313 2568 susci-

416 2616 459 2697 pit
464 2660 479 2695 ,
491 2636 578 2699 quum
588 2612 711 2692 ejusdcm
722 2598 906 2693 defensionem
916 2611 1050 2696 scripserit
1060 2615 1187 2697 Gorgian,

774 2716 965 2796 Confirmatio.'

457 2828 483 2883 1.
505 2819 644 2881 Laudatur
659 2820 768 2881 Helena
784 2800 959 2881 hiiobilirate
971 2828 997 2880 δι
1008 2817 1216 2900 pulchritudine.
1235 2816 1310 2899 lpstut
1342 2806 1343 2849 t

419 2920 509 2983 forma
517 2931 544 2983 &
554 2943 640 3006 genus
650 2922 826 2983 conferuntur
836 2944 898 2983 cum
911 2932 1045 3007 genere&
1057 2924 1155 2985 robore
1169 2922 1293 2983 Herculis.

459 3033 497 3088 11.
517 3031 619 3085 Formae
639 3025 792 3105 prestantia
811 3026 1006 3107 comprobatur
1022 3032 1081 3107 ejus
1097 3029 1150 3086 viri
1162 3020 1307 3087 excellentiai
1338 3018 1340 3094 l

417 3130 466 3211 qui
478 3126 565 3208 ipsam
579 3125 699 3209 primum
711 3128 861 3191 adamavit.
873 3134 1007 3191 Narratur
1018 3131 1140 3191 mulieris
1151 3148 1238 3211 raptus
1244 3127 1306 3208 prior
1338 3110 1339 3177 l

416 3228 434 3293 ὲ
447 3229 557 3292 Theseo
568 3228 666 3291 sallus.

456 3333 532 3392 Hinc
542 3332 626 3416 longa
637 3334 667 3391 in
676 3329 1022 3419 Theseilaudesdigrelsro.
1042 3337 1102 3418 Qui
1111 3334 1235 3397 laudibus
1242 3330 1302 3392 ccle-

415 3435 526 3507 bratu13

458 3541 499 3599 1⁰.
519 3536 607 3619 Qubd
619 3535 700 3597 heros
713 3534 795 3598 fuerit
805 3540 923 3600 numeris
935 3538 1063 3601 omnibus
1074 3538 1224 3600 absolutus:

455 3645 501 3699 2⁰.
520 3637 609 3720 Qubd
620 3638 646 3699 sc
660 3638 814 3719 praestiterit
825 3642 952 3703 Herculis
959 3644 1100 3704 amulum.
1114 3641 1236 3705 Herculis
1244 3636 1302 3698 fana

417 3761 609 3824 comparantur
628 3765 692 3806 cum
711 3743 816 3807 Thesei
833 3744 924 3809 fallis.
947 3753 1039 3829 Hujus
1052 3751 1185 3831 precipua
1197 3745 1303 3809 facinora
