2750 4742
282 310 819 390 PANATHENAICUS.
933 332 1000 414 495

89 451 275 542 amicitiam
292 465 328 532 δι
340 457 532 534 societatem
542 446 730 561 respexisse,
746 485 780 534 at
789 486 924 564 propter
932 462 1011 537 inst-

90 572 164 647 dias
175 603 255 676 quas
261 579 385 674 Graecis
395 581 595 666 struxerant,
607 582 807 656 constantius
816 582 892 658 illos
902 583 1007 658 odisse

91 697 197 794 quim
210 700 271 774 hos
285 703 344 802 qui
355 729 418 776 nos
432 701 631 776 infestabant
644 703 680 774 in
693 702 881 804 prasentid3
904 707 1009 779 lace·

90 818 277 896 daemonios
301 849 436 912 autem,
462 851 568 924 quum
589 823 673 896 nihil
689 823 770 897 mali
789 825 1008 926 accepissent,

92 966 157 1012 nec
184 941 287 1016 essent
314 929 500 1046 accepturi,
531 969 592 1018 nec
622 944 804 1031 timerent,
831 947 1011 1046 cupiditate

90 1061 238 1162 flagrasse
263 1066 332 1140 raim
357 1065 557 1152 insatiabili,
576 1089 613 1138 ut
638 1092 708 1140 non
736 1066 811 1168 ipss
834 1066 910 1140 satis
932 1067 1012 1140 esset

91 1189 240 1260 terrestre
255 1188 455 1288 imperium,
480 1185 597 1263 vetum
620 1195 656 1260 δι
677 1187 777 1262 maris
795 1187 1010 1264 dominatum

91 1297 373 1410 concupiuerint,
401 1309 587 1410 iisdemque
604 1298 822 1410 ¹temporibus
846 1319 881 1383 δι
905 1310 1011 1386 sotios

93 1429 223 1502 nostros
239 1429 281 1503 ad
293 1429 519 1507 defectionem
534 1429 729 1530 impulerint
739 1429 927 1504 libertatem
938 1432 1014 1532 pol-

92 1549 196 1636 liciti,
209 1560 244 1626 &
253 1580 331 1626 curn
342 1579 418 1654 rege
433 1552 476 1625 de
490 1551 634 1626 amicitiai
649 1560 683 1625 δι
696 1551 852 1626 societate
865 1554 1010 1654 egerint,

93 1672 327 1772 promittentes
342 1672 375 1746 se
389 1698 507 1746 ornnes
517 1671 600 1746 Asta
611 1671 735 1745 incolas
749 1671 799 1745 illi
811 1673 1010 1747 tradituros?

96 1793 162 1866 His
185 1791 432 1867 conditionibus
452 1793 518 1866 fide
541 1794 709 1893 utrimque
729 1793 827 1880 dati,
849 1793 1013 1894 nobisque
1039 1819 1044 1826 ·

98 1911 291 1997 debellatis,
303 1939 360 1988 eos
368 1913 506 2012 quidem
517 1941 599 2012 quos
611 1912 805 1986 liberaturos
815 1911 879 1987 esse
891 1911 925 1986 se
935 1943 1013 2015 pro·

99 2032 299 2120 fitebantur,
312 2033 618 2136 gravioriservirute
628 2035 729 2133 quim
740 2035 871 2108 Hilotas
880 2033 1015 2136 oppres-

39 2237 43 2244 ·
100 2153 236 2240 serunt,
259 2182 400 2255 eamque
420 2155 490 2258 regi
509 2154 691 2228 retulerunt
709 2155 871 2254 gratiam,
887 2181 925 2230 ut
946 2166 1015 2256 ejus

102 2274 197 2348 fratri
207 2277 320 2372 Cyto,
334 2301 413 2350 natu
427 2276 568 2360 minori,
580 2273 797 2375 persuaserint
809 2301 846 2350 ut
857 2277 900 2350 de
912 2303 1016 2379 regno

102 2399 203 2472 armis
212 2399 659 2496 contenderet,colledloque
666 2397 1016 2472 exercituCleatchum

103 2517 225 2593 duoem
240 2522 353 2594 contrd
369 2547 447 2594 eum
461 2518 620 2593 miserint.
637 2519 676 2589 ln
689 2517 740 2591 his
753 2541 863 2592 autern
876 2517 1017 2592 frustrati

103 2640 163 2741 spe
178 2639 255 2726 sud,
273 2651 308 2716 &
319 2642 445 2744 cogniti
453 2641 567 2740 quales
578 2639 702 2725 essent,
720 2649 756 2713 &
768 2641 924 2713 omnium
936 2639 1018 2712 odio

105 2763 234 2868 habiti,
252 2764 288 2835 in
310 2787 439 2836 tantum
460 2762 585 2838 bellum
609 2785 780 2862 tantasque
802 2750 911 2836 turbas
933 2762 1020 2834 inci·

106 2885 247 2971 derunt,
259 2887 295 2957 in
303 2909 441 2985 quantas
453 2884 600 2959 incidere
614 2883 873 2958 consentaneum
883 2909 952 2957 erat
961 2883 1020 2983 qui

104 3017 146 3084 δε
160 3011 291 3106 Graecos
305 3016 339 3082 δι
357 3009 516 3084 Barbaros
534 3007 706 3082 violirant.
723 3005 855 3099 Quibus
866 3005 909 3078 de
923 3005 1019 3078 rebus
1108 2996 1112 3006 ’

163 3327 207 3420 [1.
227 3327 302 3422 21.]
322 3328 379 3406 trab
393 3339 542 3431 Κλέαρχον
553 3385 563 3406 .
575 3383 584 3404 .
595 3383 625 3404 ..
641 3339 699 3400 haec
710 3338 839 3400 dicuntur
851 3337 1020 3398 accusatorie

111 3439 213 3505 eontrb
225 3443 378 3502 historiam.
401 3445 478 3500 Nam
492 3439 643 3500 Clearchus
668 3434 685 3498 *a
707 3437 920 3498 Lactdaemoniis
934 3436 1019 3495 exilio
1063 3427 1068 3441 ’

111 3542 206 3604 suerat
223 3541 392 3602 mulsimus:
414 3559 473 3598 nort
496 3539 582 3624 igitur
602 3535 806 3610 Lacedaemonis
830 3534 1019 3594 autoritate&

108 3643 231 3710 nomine
244 3645 320 3722 Cyro
332 3637 480 3700 militabat.
