2750 4742
218 410 436 492 HELENAE
470 412 775 495 LAUDATIO.
812 488 816 493 .
887 451 950 518 373

68 550 145 648 quod
162 555 316 653 praeclatis
342 556 438 657 ipsius
461 558 595 633 dotibus
615 560 755 663 dignum
779 560 954 639 habeatur:

66 670 206 768 squidem
223 676 303 751 viris.
318 675 466 753 litteratis
492 678 571 753 tales
596 680 628 754 ei
654 682 814 780 primitias
835 682 954 760 offerre

67 818 212 869 convenit.

104 1342 152 1408 2⁰.
175 1338 270 1411 Plura
293 1337 369 1431 sunt
384 1362 494 1412 autem
510 1366 582 1439 quae
605 1336 744 1439 praeterii
763 1336 863 1436 qudm
881 1363 954 1435 quae

67 1460 315 1533 commemoravi.
336 1464 426 1535 Nam
441 1483 555 1561 praetet
570 1448 653 1534 artes
669 1470 706 1534 δι
716 1459 884 1544 scientias,
900 1485 954 1531 ce-

68 1600 189 1677 terasque
203 1580 360 1655 utilitates
373 1609 445 1681 quae
459 1582 494 1654 in
514 1576 606 1655 illam
616 1585 868 1681 Trojanumque
878 1580 953 1653 bel-

68 1696 121 1769 lum
130 1699 241 1775 referre
251 1702 401 1801 possent,
413 1712 484 1802 jure
495 1701 531 1777 id
543 1683 678 1801 quoque
689 1701 825 1775 Helenae
836 1700 955 1775 adscri-

68 1817 160 1905 betur,
178 1823 268 1921 qubd
278 1825 427 1899 Barbarie
438 1851 508 1897 non
516 1823 703 1903 serviamus.
713 1824 952 1896 Constatenim

68 1940 177 2041 propter
188 1970 262 2017 eam
277 1948 410 2018 Graecos
429 1944 536 2019 iniisse
548 1943 785 2027 concordiam,
806 1952 840 2019 δι
859 1970 953 2015 com·

68 2087 179 2137 munem
192 2062 307 2139 constal
323 2066 482 2141 Barbaros
500 2064 668 2167 suscepisse
682 2066 950 2166 expeditionem,

68 2206 144 2283 atque
155 2210 229 2260 runs
241 2186 390 2289 primltm
405 2174 570 2285 Europam
583 2186 715 2261 dense
731 2184 955 2287 triumphasse.

68 2304 149 2378 Unde
161 2311 335 2383 resnostrae
354 2308 399 2381 ital
412 2333 542 2382 mutatae
555 2308 633 2383 sunt'
640 2362 651 2393 ,
663 2332 723 2392 ut,
738 2334 842 2407 quum
853 2307 951 2408 supe-

68 2423 182 2501 rioribus
199 2427 428 2530 temporibus,
452 2428 551 2529 siqui
572 2429 665 2529 'apud
682 2427 840 2500 Barbaros
867 2427 952 2499 cala-

66 2546 158 2623 mirate
175 2572 426 2652 premerentur,
449 2550 627 2650 imperium
648 2550 684 2623 in
704 2553 833 2624 Graecas
855 2548 951 2621 urbes

65 2666 110 2739 fibi
122 2697 323 2773 arrogarent3
343 2672 546 2783 Danaiisque
562 2698 601 2745 ex
615 2674 760 2773 AEgypto
771 2667 953 2771 profugus,

65 2790 391 2895 Argosoccupaveril3
409 2794 559 2871 Cadmus
574 2795 728 2868 Sidonius
741 2793 953 2894 imperaverit

65 2912 189 3011 Thebis3
204 2918 309 2989 Cares
321 2915 485 2989 tenuerint
498 2912 640 3011 insulas3
657 2914 797 3016 Pelops,
816 2914 953 2987 Tantali

65 3029 150 3119 filius,
166 3034 328 3137 subegerit
350 3036 536 3109 universam
563 3033 853 3135 Peloponnesum:
881 3037 952 3137 post

36 3202 37 3209 κ
64 3147 129 3225 illud
141 3154 283 3241 bellum,
299 3159 413 3229 nosttae
430 3156 536 3257 gentis
551 3182 630 3255 opes
647 3154 732 3227 adeb
751 3153 815 3228 stnt
830 3160 953 3240 aude,

66 3351 948 3387 W

66 3524 134 3569 tuos.
153 3516 168 3573 J
170 3532 213 3572 arn
224 3513 432 3575 observavimus
443 3504 606 3594 φιλοσοφεῖν
619 3508 691 3593 apud
702 3506 853 3567 Isocratem
864 3506 951 3591 signi·

67 3600 132 3665 ficare
146 3605 257 3693 saepibs,
271 3612 369 3675 litteris
384 3609 511 3679 studere,
528 3608 595 3672 ficut
610 3606 633 3671 δι
650 3602 822 3689 φιλόσοφοι,
836 3606 890 3669 siti
902 3606 953 3667 lit-

67 3718 138 3767 tesan.

681 3805 803 3905 Aaiij

1092 521 1113 577 t
