2750 4742
235 295 456 372 nuunun
484 293 793 380 ,nauumoa
895 314 967 397 ιιι
1091 270 1095 277 ’

83 444 169 542 potest
182 443 320 517 rixarum
331 444 464 517 istarum
474 444 656 519 contentio.
676 444 765 517 Nam
781 442 839 543 qui
851 451 886 517 δι
902 470 968 544 pu·
1103 440 1107 451 ’

83 564 182 637 blicam
196 567 407 667 &privatam
422 592 494 639 rem
509 565 603 665 parvi
616 565 789 667 pendunt,
806 564 842 637 hi
853 560 968 665 dispu-

82 685 237 759 tationibus
271 686 456 761 istiusmodi
489 685 633 759 maxime
661 685 866 759 delectantur
893 709 964 785 quae

80 804 189 903 pronius
203 807 298 880 omni
312 830 425 880 carent
439 804 590 880 utilitate.

116 1048 166 1133 40.
181 1044 231 1114 Ac
241 1042 503 1118 adolescennbuc
514 1040 669 1161 quidem,
681 1046 774 1145 quod
783 1045 842 1119 hac
852 1068 964 1119 mente

79 1159 145 1249 sut,
159 1159 259 1238 multa
273 1167 370 1239 venia
386 1166 496 1240 danda
509 1168 577 1263 esl3
594 1166 716 1268 quippe
730 1168 788 1267 qui
802 1168 837 1239 in
851 1166 966 1239 omni·

79 1285 124 1357 bus
133 1285 171 1358 ad
183 1314 220 1359 ea
231 1313 305 1387 quae
319 1286 557 1391 supervacanea
568 1288 643 1361 sunt
658 1296 694 1361 δι
707 1287 869 1361 mirabilia
880 1314 965 1389 prae·

80 1407 155 1505 cipue
143 1407 349 1482 advertant.
369 1408 441 1502 Qui
456 1433 566 1483 autem
577 1408 658 1481 alios
668 1407 797 1492 erudite
810 1396 970 1515 profitenss

81 1548 138 1611 ιιι,
156 1527 228 1600 ideo
251 1528 519 1629 reprehendendi
536 1529 634 1614 sunt,
652 1528 745 1628 quod
763 1528 842 1629 ipsa,
861 1556 966 1628 quum

80 1646 206 1719 accusent
226 1674 285 1721 eos
309 1646 368 1749 qui
391 1650 427 1720 in
447 1650 668 1723 contractibus
691 1646 883 1749 decipiunt,
905 1674 967 1723 nec
1116 1667 1120 1677 '

80 1764 207 1840 sermone
229 1768 415 1843 secundum
429 1778 480 1868 jus
494 1793 652 1854 utuntur,
670 1764 777 1843 multo
791 1776 903 1872 pejora
917 1769 968 1882 sas

80 1885 155 1959 ciant.
177 1890 267 1961 Nam
280 1887 331 1961 illi
345 1886 483 1989 quidem
495 1890 657 1963 damnum
673 1889 820 1963 inserunt
831 1892 966 1988 alienis;

79 2006 184 2081 livero
193 2009 257 2083 suis
270 2010 478 2111 potissimum
490 2010 745 2085 incommodant
756 2010 941 2142 discipulum

116 2280 163 2367 40.
183 2273 381 2348 Mentiendi
396 2296 508 2346 autem
522 2272 691 2373 licenciam
705 2274 789 2347 adeo
805 2274 967 2375 propagd⁴

79 2418 159 2480 runt,
173 2423 209 2470 ut
221 2406 293 2495 jaan
304 2396 462 2497 quidam,
478 2398 561 2469 dum
576 2398 651 2469 istos
666 2394 857 2495 hujusmodi
869 2396 968 2495 inep-

79 2514 119 2587 tiis
132 2517 223 2590 ditari
241 2514 381 2606 vident,
398 2515 539 2613 scribere
554 2516 697 2589 audeant
714 2516 818 2591 vitam
832 2516 968 2589 mendi-

77 2663 174 2712 corum
196 2651 231 2715 δι
255 2641 391 2715 exulum
411 2639 515 2740 magis
541 2638 760 2739 expetendam
779 2638 842 2711 else
867 2638 968 2739 qudm

76 2758 232 2835 homiuum
243 2787 431 2836 ceterorum
444 2791 452 2835 c
467 2770 503 2833 &
516 2760 580 2834 hoc
594 2758 699 2834 veluti
708 2760 897 2861 exemplum
910 2784 970 2837 ex·

74 2876 190 2968 hibent,
206 2884 264 2969 se,
288 2908 393 2981 quum
408 2881 452 2955 de
468 2882 563 2982 nugis
575 2881 620 2953 ital
632 2880 828 2983 improbatis
843 2864 969 2981 aliquid

73 3000 234 3077 dicendum
257 3005 427 3090 habeant,
445 3003 488 3077 de
512 3003 608 3076 rebus
624 3002 722 3076 bonis
744 3003 968 3103 praeclarisque

71 3120 203 3199 dicend'u
213 3126 370 3199 oratione
381 3123 477 3199 sacili:
489 3123 721 3197 abundaturos.
739 3125 831 3196 Mihi
844 3123 969 3199 veroid

73 3245 211 3319 omnium
223 3246 368 3320 maxim&
379 3245 556 3319 ridiculum
569 3244 711 3329 viderur,
728 3241 818 3345 quod
829 3271 887 3345 per
896 3244 969 3316 istas

72 3386 160 3461 nugas
178 3367 320 3466 probare
340 3367 491 3439 studeant
506 3365 540 3437 se
557 3391 666 3439 rerum
678 3364 829 3438 civilium
848 3365 971 3462 peritos

72 3482 145 3568 else,
164 3515 271 3587 quum
295 3488 386 3560 iniis
406 3486 481 3587 ipsus
497 3512 568 3598 apuae
584 3485 781 3586 pollicentur
803 3482 989 3588 specimen

74 3606 332 3708 eruditioniasuae
347 3608 491 3713 praebere
505 3604 644 3708 possent
668 3606 757 3679 Nam
772 3629 831 3703 qui
821 3602 973 3705 sapien-
