2750 4742
272 302 491 387 HELENAE
524 300 824 377 LAUDATIO.
934 311 996 393 361

152 448 202 533 3⁰.
232 426 317 539 Quis
337 434 419 521 ⁴veri)
442 448 635 548 conjugium
659 447 795 520 Helena
818 443 1003 545 aspernatus

104 558 199 645 effet,
223 564 288 663 quai
307 568 398 665 rapti
417 568 523 639 Gtaeci
541 594 610 643 non
632 567 724 640 sectis
742 565 906 666 indignati
926 563 1008 637 sunt.
1059 604 1062 610 ,

101 708 139 751 ac
156 680 175 753 fi
193 707 261 757 tota
276 688 401 760 Graecia
415 691 542 763 uastata·
552 687 680 773 fuiffet,
699 698 734 761 &
747 686 880 759 Barbari
891 686 937 757 itai
947 684 1004 755 su·

101 801 394 905 perbierunnquasr
421 834 482 881 nos
505 834 620 881 omnes
653 806 859 911 superaffent.
891 805 1004 903 Atque

102 923 308 1019 manifestum
321 932 366 1001 est
378 929 495 1029 quibus
507 930 634 1029 utrique
642 928 760 1000 animis
771 927 903 999 fuerint.
915 927 1004 997 Nam

103 1069 201 1139 quum
222 1046 317 1119 antei
338 1047 397 1121 srbi
420 1049 565 1149 invicem
583 1046 701 1120 multas
718 1045 1005 1149 dediffentncrimi-

103 1165 201 1236 nandi
218 1168 387 1272 rationes,
411 1194 543 1271 propter
559 1169 636 1241 alias
659 1166 767 1241 causas
786 1167 870 1238 nihil
886 1190 1005 1238 move-

103 1309 193 1371 rant,
208 1288 253 1359 ob
267 1291 431 1363 Helenam
447 1306 558 1363 autem
573 1316 702 1363 tanrum
721 1290 845 1363 bellum
858 1286 1005 1360 conciti-

103 1430 199 1491 runt,
219 1436 288 1481 non
303 1409 410 1483 solum
428 1412 482 1483 irae
497 1410 751 1512 magnitudine,
774 1409 881 1483 sed&
898 1408 1006 1508 longi-

105 1526 214 1601 tudine
234 1535 409 1633 temporis,
430 1534 583 1634 &copiis
602 1556 830 1633 apparatuum,
846 1555 1008 1630 quantum

105 1648 245 1721 adhunc
262 1650 353 1723 diem
370 1652 498 1724 nulium
517 1679 664 1751 unquam
680 1650 795 1724 fueratss
823 1648 884 1722 Etfi
897 1672 1007 1721 autem

106 1772 239 1867 potestas
253 1770 410 1858 dabatur,
426 1772 556 1857 alteris,
576 1772 705 1845 Heleni
717 1771 866 1857 redditi,
884 1796 1007 1869 urgen-
1065 1868 1068 1877 Ι

107 1890 187 1966 tibus
198 1892 293 1980 malis
303 1894 453 1989 liberari3
467 1894 593 1979 alteris,
610 1895 646 1967 ei
656 1894 823 1996 negleehi,
838 1919 939 1965 omne
954 1908 1008 1964 re·-

106 2009 230 2107 liquunr
256 2037 384 2113 tempus
403 2016 512 2087 secure
527 2015 623 2088 domi
638 2016 785 2116 degere5
810 2015 918 2087 neutri
941 2012 1009 2085 hac

107 2131 300 2204 voluerunt:
325 2134 384 2206 sed
406 2133 455 2205 illi
481 2144 516 2208 &
541 2135 635 2208 urbes
660 2135 834 2233 exscindi,
858 2143 1010 2233 &agros

106 2253 215 2323 vastari
224 2252 386 2338 srverunt,
397 2281 440 2326 ne
451 2257 573 2329 Graecis
582 2283 656 2329 eam
668 2257 860 2351 redderent3
875 2255 910 2327 hi
921 2265 1013 2354 pere-

107 2376 159 2472 gre
170 2364 423 2461 consenescere,
440 2386 475 2449 &
487 2377 561 2450 suos
572 2406 745 2478 nunquam
758 2376 898 2462 intueri,
910 2376 1012 2474 quim

33 2547 34 2569 t
108 2494 163 2566 hic
185 2496 299 2569 relidiai
324 2496 464 2569 domum
487 2500 631 2583 reverti,
652 2500 848 2584 maluerunt
873 2501 915 2569 Et
934 2524 1013 2597 ege-

32 2599 34 2688 s
109 2640 180 2687 runt
207 2616 274 2703 haec
299 2644 369 2689 non
395 2617 487 2716 quird
510 2618 738 2693 Alexandrum
763 2619 846 2691 tanti
869 2618 1014 2691 facerent

32 2763 34 2825 ᾗ
108 2738 158 2809 vel
172 2738 391 2835 Menelaiim3
407 2738 468 2813 sed.
481 2738 574 2813 alteri
586 2768 648 2841 pro
667 2741 817 2843 Europi,
837 2740 930 2813 alteri
952 2766 1013 2841 pro

109 2858 180 2932 Asu
196 2861 474 2948 contendebant,
501 2863 720 2937 existimantes
742 2864 780 2935 in
801 2864 1013 2961 unicumque

31 2980 38 3069 j,
108 2982 189 3055 iliius
202 2983 334 3077 femina
345 3010 461 3084 corpus
472 2984 653 3071 habitaret,
668 3012 742 3058 earn
752 2985 926 3085 regionem
939 2983 1013 3067 feli,

32 3094 33 3099 ἵ
112 3104 232 3177 ciorem
248 3103 331 3179 fore.

117 3392 118 3397 ἵ
157 3411 200 3501 [l.
221 3410 299 3506 22.]
324 3406 406 3506 Ῠωὲρ
422 3404 596 3505 Ᾰλιξοίνὸρε
611 3466 621 3496 ,
636 3444 687 3504 pro
705 3421 888 3488 Alexandro,
909 3422 939 3480 id
956 3422 1013 3495 est,

114 3545 162 3603 pro
174 3522 290 3605 Paride,
305 3523 405 3583 Priami
418 3518 499 3591 filio,
515 3540 580 3579 nam
595 3518 675 3601 supri
687 3524 744 3603 jam
756 3518 876 3582 vidimus
886 3520 1013 3580 Paridem

115 3621 343 3705 cognominatum
360 3614 439 3681 fuiffe
457 3615 653 3679 Alexandrum.
718 3696 720 3700 Ι
