2750 4742
287 289 851 412 rrcnrnrnus
982 370 1025 438 ῃ

1 483 2 526 ³
97 474 280 577 repudiare
294 477 388 578 quod
402 482 606 565 cettumest,
624 478 689 555 hoc
700 480 786 554 velle
797 467 923 583 eligere
930 483 1025 582 quod

103 598 379 695 controversum
393 598 569 699 praesertlm
579 627 684 700 quum
694 624 805 676 utrum
815 602 941 703 eligatis
955 626 1028 678 tan·

105 716 183 790 rrlm
201 719 354 796 interfit?
377 723 455 792 Huc
466 720 558 794 enirn
576 719 701 820 spedas
717 748 793 796 mea
807 721 915 794 oratio
930 746 967 795 ut
982 748 1028 796 ne

105 839 206 938 quod
225 846 372 916 nestrum
387 843 598 944 amittamus,
612 867 724 942 neque
734 841 876 916 dedecus
891 839 1028 942 aliquod

105 959 243 1059 publicd
253 960 484 1062 suscipiamus,
502 961 665 1063 speremus
679 987 790 1036 autem
802 989 885 1048 nos,
899 961 923 1036 fi
937 961 1028 1062 justi·

106 1080 162 1153 tiae
172 1081 268 1154 causd
279 1083 495 1183 pugnandum
509 1083 569 1169 stt,
586 1083 732 1158 hostibus
747 1083 821 1158 fore
834 1082 1026 1184 superiores.

106 1201 254 1276 Istorum
264 1203 283 1276 ὲ
293 1205 407 1277 contri
417 1206 481 1279 huc
491 1185 600 1280 sermo
612 1205 736 1290 tendit,
747 1229 784 1277 ut
794 1215 862 1304 jam
871 1205 1025 1279 cedamus

106 1320 286 1408 Messenal,
303 1333 457 1424 &quum
471 1325 507 1396 in
520 1349 652 1397 nosmet
667 1323 754 1425 ipsos
766 1325 830 1398 tale
843 1324 1025 1424 deliqueri-

107 1461 209 1528 mus‚'
225 1442 334 1516 forsan
349 1445 557 1531 scurilitate,
573 1454 609 1519 δε
618 1444 761 1543 justirid,
778 1453 814 1520 &
824 1446 944 1518 caeteris
954 1471 1026 1544 quae

105 1549 346 1662 expellamus,
368 1565 508 1637 omnino
529 1563 730 1639 fraudemur.
758 1564 915 1638 Arbitror
935 1565 1027 1636 enim

109 1673 345 1786 non'ignorare
353 1677 438 1769 vos,
451 1711 528 1758 cum
538 1684 578 1757 iis
590 1684 649 1784 qui
661 1686 732 1758 vim
746 1682 938 1786 propulsant
946 1683 1028 1756 acri-

111 1827 184 1890 ter,
204 1832 321 1879 omnes
335 1805 458 1904 dejure
470 1802 654 1905 disputare:
674 1805 738 1879 illis
756 1809 836 1881 veto
853 1805 911 1905 qui
924 1805 1025 1879 nimis

110 1925 264 2026 expedite
277 1927 437 2027 imperata
446 1925 591 2013 faciunt,
607 1925 736 2028 semper
751 1926 876 2028 aliquid
887 1927 958 2027 plus
970 1928 1026 1998 in·

111 2045 211 2144 super
222 2047 383 2147 imperare
394 2047 496 2146 quim
510 2073 581 2146 quae
598 2046 695 2118 initio
710 2047 901 2146 cogitdrant.
921 2047 1028 2119 Undd

115 2167 212 2238 litut
229 2169 404 2268 aequiorem
424 2191 540 2269 pacem
560 2168 739 2268 impetrent
758 2168 817 2267 qui
836 2168 879 2241 ad
901 2167 1026 2241 bellum

114 2289 299 2388 gerendum
317 2276 402 2364 sunt¹
412 2289 540 2393 parati,
564 2289 665 2390 qudm
683 2289 742 2388 qui
761 2287 857 2362 facilc
879 2289 1025 2391 exjusiis

112 2409 331 2511 paciscuntur.
380 2441 382 2446 ·

169 2657 226 2750 2⁰2
245 2679 299 2750 Ne
311 2659 390 2751 verb
402 2675 486 2749 cited
498 2674 698 2750 hacdiutiirs
710 2671 882 2748 immorari
894 2672 1026 2759 videar,

114 2799 169 2872 lris
182 2799 339 2874 omnibus
355 2799 499 2886 omiffis,
521 2799 558 2873 id
574 2808 644 2899 jam
661 2798 771 2871 dicam
787 2797 880 2896 quod
894 2798 941 2869 est
952 2823 1029 2868 om-

117 2922 214 2994 nium
227 2921 505 3022 srmpliciffimum.
526 2922 560 2996 Si
574 2919 657 2994 nulli
669 2945 818 3019 unquam
832 2920 904 3018 post
919 2917 1028 2991 clades

1 3041 2 3106 Ῠ
116 3067 283 3144 acceptas,
298 3044 457 3118 revocatis
471 3043 609 3127 viribus,
623 3025 764 3116 visrores
778 3039 884 3112 hostes
897 3038 1027 3140 superd-

115 3162 216 3249 runt'‚
231 3190 291 3237 nec
302 3165 399 3238 nobis
412 3159 512 3238 etiam
523 3164 648 3238 bellum
659 3159 865 3264 gerentibus,
882 3159 1028 3235 vidioriae

170 3457 215 3550 [l.
234 3481 296 3548 7&
316 3459 365 3552 8.]
390 3455 426 3536 ἒν
438 3465 472 3532 dl
483 3463 545 3538 τῖις
563 3458 660 3532 esven
673 3467 733 3528 sub·
745 3459 946 3543 rimulam.
968 3451 1029 3526 'rd-

59 3599 61 3604 ’
113 3593 196 3644 των,
211 3571 357 3652 intellige5
371 3567 610 3629 adversariorum„
961 3603 964 3609 .

170 3653 216 3747 [1.
240 3655 315 3750 rr.]
335 3659 540 3757 sspoosrtds'e,
555 3664 653 3726 malim
663 3650 884 3744 npetsotr'iprn

684 3832 689 3838 .
786 3759 882 3860 cn
