2750 4742
198 315 468 397 tvneonn
503 316 801 394 nnunnnro.
886 346 953 417 μ,
1017 288 1021 304 “

76 491 145 539 muni
167 467 392 550 existimatur,
418 488 454 537 ut
477 462 571 537 idem
587 473 624 539 δι
647 464 770 537 multos
790 464 954 539 &felices

76 587 168 658 liberos
179 585 355 687 suscipiat,
376 610 419 657 ne
432 583 469 657 id
483 584 620 684 quidem
634 583 691 683 ipsi
706 584 835 670 defuit,
850 585 906 659 sed
923 585 959 659 id

76 706 157 807 ipsum
173 707 288 781 habuit
304 706 489 807 pepuliare3
506 714 568 791 δι,
587 705 679 804 quod
691 707 874 779 maximum
890 710 958 791 est,

76 829 221 901 neminem
233 830 252 901 ὲ
264 827 298 900 se
311 852 428 900 natum
444 826 576 925 reliquit
590 828 648 924 qui
663 827 799 927 plebeiis
814 829 960 901 nomini-
990 852 994 863 ¹

77 948 120 1019 bus
133 948 331 1048 appelletur,
351 946 408 1021 sed
424 946 526 1019 alium
542 970 697 1019 vocatum
718 974 856 1047 regem,
880 949 960 1023 alios

76 1070 234 1170 principes,
257 1069 334 1142 alias
355 1067 545 1170 prineipum
564 1093 690 1139 uxores.
720 1070 832 1160 Quare
854 1068 877 1141 sn
902 1070 962 1168 qui

77 1216 227 1289 poetarum
239 1190 342 1263 locuti
356 1186 639 1289 magnificentius,
652 1186 799 1287 aliquem
811 1188 963 1261 dixerunt

77 1309 122 1383 elle
141 1312 255 1385 Deum
276 1312 364 1383 inter
385 1310 566 1394 homines,
588 1333 643 1382 aut
663 1335 812 1395 numen,
834 1320 869 1383 &
893 1322 969 1382 norr'

77 1434 253 1529 nortalem3
276 1433 393 1505 omnia
415 1429 579 1530 ejusmodi
604 1430 648 1503 de
674 1430 769 1529 hujus
790 1431 904 1505 naturd
928 1442 964 1505 &

76 1555 190 1655 ingenio
205 1553 510 1628 convenienriffime
525 1553 722 1626 dicerentur.

115 1699 159 1750 2⁰.
183 1678 234 1750 Ac
252 1678 356 1750 multa
377 1676 515 1775 quidem
533 1702 589 1747 me
606 1702 677 1773 quae
700 1673 840 1748 dicenda
865 1674 967 1748 effent

77 1799 108 1870 de
121 1801 263 1900 Euagora
273 1795 505 1900 praetermisrffe
518 1795 658 1870 arbitror
673 1825 681 1869 z
708 1793 856 1869 desidero
877 1798 969 1869 enim

77 1917 144 1991 illius
163 1920 263 1992 aeratis
285 1918 435 2019 vigorem
456 1924 545 2015 cujus
565 1943 630 2016 ope
652 1915 828 1989 accuratiits
848 1926 882 1989 δι
901 1921 969 1990 ᾶιιὲ

79 2036 177 2109 diosrlu
193 2037 421 2109 laudationem
438 2036 523 2107 hanc
548 2033 762 2136 perfeciffem.
787 2038 970 2112 Verumta-

39 2161 40 2248 ᾗ
77 2182 140 2227 men
155 2156 254 2230 etiam
272 2182 382 2241 nunc,
407 2155 570 2255 quantiam
595 2182 676 2227 men
698 2157 783 2229 vires
805 2155 969 2242 siverunt,

78 2301 133 2345 non
146 2276 316 2349 illaudatus
329 2275 402 2349 fuit.
476 2350 478 2354 ,
556 2298 560 2305 ·

117 2405 158 2485 3⁰.
179 2397 365 2497 Equidem,
380 2397 592 2481 &Nicoclem
608 2390 742 2497 pulchra
753 2423 973 2473 monumenta

77 2516 129 2590 effe
151 2523 252 2593 statuo
273 2521 374 2593 etiam
393 2520 772 2619 corporum<imagines3
794 2521 852 2593 sed
874 2518 974 2623 long&

77 2640 194 2736 majoris
211 2638 276 2713 else
292 2641 389 2740 pretii
409 2640 531 2739 opinor
547 2640 668 2711 mentis
687 2648 724 2713 &
740 2667 849 2712 rerum
869 2645 975 2742 gesta·

76 2784 139 2829 tum
151 2759 361 2845 fimulachra,
378 2787 451 2859 quae
471 2760 507 2829 in
528 2760 707 2833 artificiosis
730 2760 887 2836 duntaxat
901 2789 976 2835 ota·

77 2880 205 2956 tionibus
218 2882 475 2983 conspiciuntur.
490 2883 583 2974 Quas
595 2909 658 2983 ego
670 2881 746 2956 idei)
758 2884 972 2983 praetulerim,
1066 2894 1068 2901 ’

76 3002 208 3099 primitur
219 3005 358 3104 quidem
371 3006 449 3103 quia
458 2993 640 3106 praestantes
651 3005 739 3077 viros
747 3003 814 3077 scio
826 3032 894 3077 non
908 3005 975 3079 tim

74 3119 172 3195 formai
192 3126 339 3226 corporis
356 3124 543 3225 superbire,
566 3124 667 3225 quim
685 3119 812 3199 tebusd
831 3124 865 3199 se
880 3125 976 3199 fauit

76 3249 105 3313 δι
130 3243 271 3317 nominis
294 3245 343 3318 sui
365 3245 526 3317 memorii
547 3244 691 3345 gloriari.
721 3242 878 3329 Deinde,
900 3248 978 3343 quia

75 3365 190 3439 neceffe
213 3370 258 3441 est
285 3363 443 3468 expteffas
465 3393 643 3466 corporum
664 3365 787 3440 formas
810 3365 897 3467 apud
920 3392 977 3440 eos

128 3631 165 3725 [l.
186 3636 238 3731 5.]
260 3636 318 3715 ud
332 3644 366 3713 ri
378 3627 524 3733 palpitat,
539 3644 599 3715 sub·
610 3641 672 3733 if(-
