2750 4742
219 370 490 447 nusuuors
523 370 822 477 LAUDnrto.
908 396 975 469 393

70 512 185 601 nibus,
200 518 345 591 multitm
354 521 510 619 ptaestare.
524 519 673 593 Videbat
684 520 777 593 enim
787 541 893 591 cetera
902 516 977 589 loca

71 661 136 707 non
148 638 346 723 commode,
358 665 419 711 nec
429 639 667 711 convenienter
674 639 717 711 ad
728 637 867 713 universr
878 663 977 714 tnun-

72 756 101 828 di
113 780 265 831 naturam
275 760 396 859 posita,
413 762 533 861 partlm
544 760 704 833 imbribus
714 761 885 846 inundari,
897 770 976 861 par&

72 879 129 949 tim
144 878 328 955 fervoribus
342 884 451 957 exuti:
470 884 555 957 hanc
572 886 651 957 verb
666 884 836 985 regionem
851 882 886 953 in
899 880 976 983 pul-

73 1001 227 1073 cherrimi
242 1003 331 1075 orbis
347 1027 438 1103 parte
453 1004 567 1090 sitam,
583 995 801 1105 plurimorum
816 1031 853 1075 ac
865 1003 975 1075 omnis

74 1122 195 1219 generis
213 1121 381 1195 bonorum
398 1122 461 1215 elle
474 1123 723 1220 feraciffimam3
740 1132 775 1197 δε
789 1122 895 1206 Nilo,
911 1124 976 1194 im-

74 1242 200 1314 mortali
222 1270 319 1317 muro
339 1244 600 1332 circumdatam,
623 1246 681 1345 qui
703 1245 745 1319 ad
765 1244 801 1317 id
824 1244 843 1316 i
863 1242 977 1316 naturi

75 1361 175 1443 latius¹
193 1364 264 1447 est,
290 1387 327 1436 ut
350 1364 408 1463 ipsi
428 1391 497 1436 non
514 1366 696 1466 ptaelidium
719 1362 974 1449 tantummodo,

76 1484 184 1558 terrim
200 1486 302 1558 etiam
319 1486 445 1560 vietum
460 1484 699 1575 sufficientem,
715 1487 874 1589 praebeat3
886 1484 975 1557 insu-

77 1604 220 1703 perabilis
238 1614 274 1678 δε
288 1605 553 1707 inexpugnabilis
565 1608 717 1683 adversus
733 1607 877 1681 hostium
895 1604 975 1678 inst-

78 1724 140 1799 diat
151 1780 162 1812 ,
174 1728 212 1800 'tis
226 1752 337 1801 autem
353 1729 412 1828 qui
425 1730 510 1801 inttd
523 1729 630 1830 ipsum
644 1731 813 1815 habitant,
828 1728 871 1801 ad
883 1728 971 1800 deti-
1000 1729 1005 1735 ’
1034 1729 1038 1737 “

77 1849 872 1952 vationes&aliacompluraopportunus&utilis.
885 1852 976 1922 Nam
1041 1872 1047 1887 ‘

77 1996 183 2070 prater
193 1971 251 2044 illa
261 1998 332 2071 quae
345 1972 506 2057 diximus,
518 1964 638 2047 horum
651 2000 784 2073 quoque
793 1973 979 2075 potentiam

79 2092 107 2163 in
123 2092 260 2165 colendi
274 2092 357 2165 tetri
373 2093 481 2193 propi
501 2093 650 2167 divinam
672 2094 790 2167 effecit.
816 2093 976 2167 lmbriunt
1083 2152 1086 2157 .

82 2215 192 2315 quippe
202 2224 238 2293 δι
250 2214 450 2301 siccitatum,
464 2241 606 2313 quorum
619 2216 690 2289 aliis
701 2215 829 2315 Jupiter
841 2212 977 2314 dispen-

82 2333 158 2407 sator
180 2338 248 2419 est,
273 2336 393 2407 horum
418 2356 631 2435 utrorumque
654 2337 848 2435 potestatem
867 2333 976 2433 quivis
1013 2400 1047 2437 ἱ.

83 2456 300 2557 AEgyptiotum
310 2483 367 2557 per
378 2455 412 2529 se
423 2456 532 2529 habet.
554 2456 605 2527 Ac
617 2454 684 2528 tim
698 2455 859 2528 immensi
869 2453 975 2527 felici·

83 2600 136 2651 tate
151 2578 248 2665 sunt,
264 2602 324 2663 ut,
342 2578 367 2650 st
387 2578 601 2679 ptaestantiam
618 2576 743 2677 spedus
760 2600 975 2675 naturamque

82 2699 212 2799 regionis
240 2708 275 2773 δι
301 2724 495 2799 camporum
520 2696 759 2781 latitudinem,
784 2698 976 2771 continente

85 2816 144 2891 solo
159 2819 306 2893 fruantur
320 2849 331 2915 3
354 2842 387 2893 at
405 2818 429 2891 st
448 2816 909 2917 confidetesexportationem
923 2843 978 2891 re-

83 2966 144 3015 runt
160 2942 278 3042 quibus
293 2941 482 3030 abundant,
502 2952 538 3016 &
553 2941 825 3045 importationem
839 2968 979 3040 quarunt
1002 3028 1005 3034 ¹

84 3086 192 3163 egent,
205 3063 256 3140 -ob
274 3064 419 3139 fluminis
435 3064 529 3164 hujus
545 3062 845 3148 commoditatem,
868 3061 979 3139 colant

126 3396 167 3489 [l.
180 3398 254 3493 21.]
271 3406 520 3497 sstpto'vluv,vulg.
531 3413 615 3475 habet
628 3412 739 3494 simplex
749 3405 837 3477 i‘v‘lur.
852 3410 961 3472 Deindl

87 3530 130 3569 vox
151 3500 288 3579 italicum
310 3511 386 3571 idem
408 3512 445 3569 est
464 3532 496 3570 ac
517 3502 643 3595 πράσις,
665 3512 756 3590 inquit
779 3512 977 3590 Harpocratio.

86 3609 198 3689 Proprid,
209 3608 349 3671 venditio:
361 3611 553 3689 interpretatus
564 3608 625 3669 sum
634 3656 642 3682 ,
651 3609 820 3692 exportatio,
829 3608 895 3689 quia
903 3606 979 3672 bona

89 3710 193 3792 regionis
210 3704 345 3793 superflua
356 3692 534 3795 exportantur
546 3726 578 3769 ut
592 3704 755 3771 vendantur·
817 3722 822 3732 “
929 3780 932 3788 .

481 4003 492 4051 7
