2750 4742
234 269 456 351 HELENAE
488 272 783 356 LAUDATIO.
895 297 957 375 371

79 418 222 505 baronii,
239 422 343 523 patrio
364 420 543 518 sanctoque
563 420 649 505 ritu,
666 422 820 520 utrique,
841 445 913 493 non
929 442 965 496 ur

78 538 231 627 heroibus,
244 542 300 615 sed
316 567 353 616 ut
363 542 425 615 diis
437 541 556 627 ,sacra
570 540 704 617 faciunt.

58 724 59 727 ’
117 710 261 783 Ostendit
273 711 373 783 etiam
383 732 488 810 poetae
500 710 683 783 Stefichoro
694 710 787 783 suam
799 708 895 811 ipsius
905 712 967 810 po'⁴

81 834 209 905 tentiam.
229 833 300 924 Qui
318 858 423 931 quum
437 833 536 905 initio
552 833 601 905 sui
619 834 772 907 carminis
784 831 968 906 maledictis

81 979 141 1025 eam
158 948 306 1039 nonnihil
328 950 579 1051 perstrinxilset,
600 951 737 1025 surrexit
752 952 855 1025 oculis
871 951 969 1025 orba·
1017 1050 1020 1056 ¹

82 1098 138 1145 tus:
153 1072 264 1146 veram
276 1071 351 1157 ubi,
366 1071 458 1144 causal
471 1072 566 1170 hujus
577 1072 770 1145 calamitatis
782 1072 969 1157 intelledll,

82 1192 285 1292 palinodiam,
297 1218 399 1290 quam
409 1215 548 1276 vocant,
561 1188 702 1278 fecerat,
712 1192 861 1293 ejusdem
869 1193 971 1267 bene·

42 1322 49 1359 ³
83 1312 143 1385 licio
153 1312 254 1387 visum
265 1312 399 1413 recepit.

119 1482 203 1574 Quin
215 1490 250 1554 ὃ(
258 1480 519 1553 Hometidatum
530 1478 667 1579 quidam
680 1461 774 1553 aiunt
784 1506 858 1554 eam
871 1486 974 1554 noctu

84 1603 214 1675 Homero
230 1606 390 1677 astantem
405 1601 572 1683 mandalse
586 1624 622 1674 ut
635 1600 677 1675 de
690 1602 736 1675 eis
749 1601 905 1675 scriberet
916 1603 975 1701 qui

42 1750 43 1753 ’
85 1724 117 1797 ad
135 1727 272 1825 Trojam'
284 1716 498 1819 militassent3
520 1726 587 1825 qub
607 1722 728 1824 nempd
748 1751 837 1797 mors
857 1750 975 1796 eorum
1060 1738 1063 1742 ’

85 1845 241 1945 optabilior
255 1848 359 1947 quam
372 1846 513 1919 aliorum
526 1847 594 1921 vita
610 1846 800 1919 redderetur
813 1875 822 1918 r
845 1872 882 1919 ac
894 1872 976 1946 poe·

87 1966 134 2042 lim
145 1969 280 2042 Homeri
293 1993 334 2041 ex
347 1992 438 2068 parte
450 1967 588 2067 quidem
598 1968 736 2068 ingenio
745 1968 846 2041 etiam
857 1966 974 2067 ipsius,

86 2090 226 2190 imprimis
245 2116 358 2165 aurem
378 2116 516 2191 propter
535 2090 701 2193 Helenam
711 2143 722 2176 ‚
742 2091 789 2163 ital
808 2093 977 2167 venustam
1010 2137 1012 2142 ·

85 2212 276 2290 &celebrem
294 2212 381 2314 apud
392 2238 509 2287 omnes
525 2210 588 2285 effe
600 2209 734 2285 ladam.

342 2382 699 2455 Eutroouu

126 2556 166 2629 1⁰.
188 2550 267 2623 Eam
286 2550 409 2651 igitur,
430 2573 465 2622 ut
480 2558 516 2622 &
537 2576 608 2649 qua:
626 2578 762 2650 poenam
777 2550 921 2651 irrogare
937 2560 973 2625 δι

87 2672 205 2768 gratiam
224 2670 346 2746 referte
367 2670 495 2756 valeat,
521 2696 653 2771 oportet
673 2680 710 2745 &
730 2671 849 2748 divites
869 2670 975 2747 dona·
1015 2762 1020 2772 Ι
1077 2672 1080 2680 ’

43 2811 57 2871 j
86 2790 145 2875 riis,
158 2792 336 2877 sacrificiis,
352 2820 389 2864 ac
405 2790 695 2893 supplicationibus
707 2790 860 2892 ,placare
877 2816 975 2892 atque
1038 2882 1042 2887 ³

85 2912 252 3013 honorare3
272 2926 308 2991 &
333 2917 420 2991 viros
436 2914 580 2989 eruditos
602 2912 729 3014 aliquid
749 2914 791 2987 de
811 2914 849 2989 ed
866 2915 975 2989 dicere
1039 2901 1042 2908 ¹

88 3214 211 3280 dicebatur
224 3218 258 3279 de
271 3222 360 3301 portis
374 3267 382 3293 ‚
397 3220 471 3282 und&
486 3220 533 3304 ipli
545 3219 613 3283 didi
626 3218 690 3281 sunt
701 3207 829 3285 bolislao.

129 3298 142 3392 [
157 3338 191 3375 12
209 3326 236 3379 &
257 3305 334 3397 13.]
361 3324 413 3379 Pro
434 3314 483 3383 alo
504 3312 583 3405 vulg.
603 3318 716 3379 &edic
734 3315 796 3380 Bas.
815 3316 882 3377 dant
898 3309 975 3389 raia,

42 3418 43 3421 ’
89 3413 206 3474 mendum
219 3416 331 3477 evidens
343 3417 420 3497 quod
434 3421 551 3479 correxit
565 3419 661 3477 Rattie.

130 3494 170 3586 [l.
191 3500 267 3592 ια]
288 3516 390 3577 Malim
402 3512 491 3577 abell'e
505 3504 637 3585 daborc,
656 3532 687 3575 ut
707 3513 806 3573 inutile
827 3522 854 3574 dt
868 3510 978 3576 sensum

92 3606 250 3689 impediens.·
1017 3633 1019 3637 ·

657 3662 660 3670 ’
727 3710 834 3809 aiij
