2750 4742
285 329 823 406 PnNATHENAmUS.
937 345 1010 427 519·

85 468 153 566 p're
183 467 344 548 omnibus
370 477 439 548 aliis
464 475 631 550 memoriae
659 475 871 562 mandaturi,
895 501 1008 574 neque

18 585 19 590 ’
87 587 329 696 disputationis
360 598 607 697 prolixitatem,
634 596 759 672 etiamfi
781 595 888 670 decies
911 596 1006 668 mille

87 711 258 787 versuum
270 743 308 790 ea
324 715 446 806 fuerit,
468 717 693 819 reprehensuri
706 717 801 803 sunt,
817 741 851 790 at
862 744 960 818 penes
971 713 1005 787 se

88 829 156 904 else
175 835 424 912 arbitrabuntur
441 863 566 912 tantam
583 840 676 936 hujus
694 862 822 939 partem
841 838 949 938 legere
969 845 1005 910 &

87 955 290 1050 percensere
316 987 474 1060 quantam
495 958 552 1060 ipsi
576 959 762 1055 voluerint3
787 959 1007 1055 omniumque

89 1075 245 1177 maxime
259 1105 315 1152 eos
332 1083 390 1180 qui
407 1082 490 1154 nihil
504 1081 658 1154 libentius
669 1079 803 1154 audiant
819 1079 1013 1183 qulmeam

89 1195 289 1272 orationem
303 1201 374 1299 quss-
381 1200 433 1274 vel
447 1202 663 1302 ptaestantium
681 1202 828 1274 virorum
847 1199 1005 1301 virtutes,

90 1313 146 1386 vel
161 1317 352 1418 reipublicae
370 1321 643 1395 beneconstitutae
655 1346 782 1406 mores,
799 1346 1007 1393 commemo-

89 1459 222 1511 rentur.
245 1419 329 1532 Quae
346 1440 369 1512 st
388 1441 545 1542 quidam
536 1442 657 1514 rmitan
647 1439 799 1540 pollent
811 1449 846 1514 δι
859 1438 982 1512 vellent
992 1491 1004 1522 ,

92 1555 173 1631 crim
194 1557 256 1658 ipsi
269 1588 389 1662 magna
374 1561 504 1664 gloria
516 1564 682 1662 exigerent
693 1586 838 1644 aeratem,
852 1559 1005 1632 rirmsuas

92 1677 248 1751 civitates
262 1679 438 1754 redderent
452 1680 624 1756 feliciores.
637 1683 689 1754 Ac
701 1681 1005 1783 qualesmihiaudi-
1075 1691 1079 1694 ’

94 1820 185 1870 tores
196 1798 271 1872 dari
280 1801 442 1902 op'tlrim,
457 1804 544 1894 dixi:
559 1802 1005 1888 vereorautem,etiams1ta-

93 1917 141 1990 les
161 1921 387 2020 contigerint,
405 1949 446 1996 ne
460 1923 559 2022 longe
580 1925 707 1996 tenuius
721 1924 829 1997 dicam
842 1923 943 2024 quzlm
955 1901 1011 1993 res¹

95 2041 266 2138 postulant
278 2041 319 2116 de
333 2043 449 2144 quibus
463 2045 562 2118 verba
572 2045 678 2120 facete
692 2045 824 2119 institui.
835 2027 1006 2117 siccamen

96 2184 133 2231 ut
147 2186 290 2260 potero,
309 2161 351 2238 de
366 2165 405 2271 iis
420 2163 569 2240 disserere
584 2167 762 2268 aggrediar.

112 2699 113 2702 ¹
147 2664 255 2757 Quod
278 2664 376 2764 igitur
400 2668 508 2738 nostra
535 2663 670 2749 civitas,
696 2663 759 2735 illis
780 2663 1004 2764 temporibus,

101 2783 221 2858 inclitis
239 2785 350 2883 quim>
361 2784 428 2858 aliae
452 2784 674 2858 administrata
688 2783 807 2869 fuerit,
826 2784 862 2857 id
875 2785 1017 2884 regibus¹

10 2967 14 2982 .
101 2906 277 3008 dequibus
298 2907 394 3006 paulo
406 2905 481 2978 ante
500 2905 568 2979 dixi
584 2931 752 3007 acceptum
764 2905 878 2979 referri
896 2906 1003 2979 debet.

101 3027 147 3103 Hi
173 3029 267 3100 enim
288 3025 420 3100 fuerunt
435 3027 500 3125 qui
522 3026 680 3126 populum
703 3025 745 3098 ad
766 3027 944 3110 virtutem,
963 3026 1008 3097 ad

14 3196 17 3202 -
99 3135 280 3244 justitiam,
299 3175 518 3248 magnamque
534 3141 728 3220 modestiam
741 3147 955 3230 instituerint,
971 3156 1007 3219 &

102 3269 323 3342 iddocuerint
333 3267 387 3340 sual
398 3265 542 3368 ipsorum
553 3247 834 3341 administratione
845 3245 1009 3366 quodego
1096 3349 1099 3355 ἱ

104 3389 262 3488 posteritls
282 3388 394 3463 dixisse
410 3389 550 3489 reperiar
561 3387 665 3488 ¹qulnn
678 3389 728 3460 illi
741 3387 910 3484 fecerunt3
927 3389 1007 3460 civi-

104 3510 178 3582 tatis
195 3503 341 3584 animam
355 3507 417 3582 esse
432 3508 535 3608 ipsam
550 3507 731 3607 reipublicae
750 3507 916 3591 sormam,
936 3535 1008 3604 quae

69 3629 196 3704 ¹ulem
207 3630 336 3706 valetac
347 3630 527 3729 incorpore
539 3627 760 3728 intelligentie
771 3628 828 3699 vis.
839 3628 1010 3728 Siquidem
1108 3671 1118 3689 »

633 3846 634 3850 Ἰ
737 3747 867 3826 Kkiv
943 3811 946 3815 .
