2750 4742
819 271 828 302 Ι

264 375 794 454 suuntur-unicus.
893 399 981 466 a„

91 545 158 610 tunt
169 523 288 609 duces,
309 525 368 624 qui
390 523 562 599 virtutibus
579 523 711 624 ptaediti-
722 522 837 606 fuere,
856 547 927 594 non
943 521 985 609 iis

92 643 184 716 modo
198 671 269 742 quae
284 644 319 715 in
335 645 441 744 pravis
455 643 554 717 etiam
572 651 607 716 &
624 641 822 741 contemptis
837 641 986 725 homini-

92 761 143 834 bus
157 763 377 862 reperianntt,
398 763 457 850 sed
476 773 511 838 δι
525 762 589 834 illis
605 789 677 860 quae
690 761 846 861 improbo
858 758 987 848 nemini

93 882 272 984 contingere
288 906 419 981 queant.
442 879 594 956 Messena
609 882 701 954 enim
716 881 890 956 Nestorem
904 905 988 979 ptre·
1085 968 1088 982 Ι

92 1000 174 1085 buit,
191 1001 420 1101 omniumlsual
438 1025 530 1076 aetate
552 1000 862 1100 prudentiffimum3
884 1003 988 1074 Lace·

93 1120 213 1194 daemon
229 1122 449 1207 Menelaum,
472 1123 530 1222 qui
542 1123 587 1194 ob
600 1121 802 1214 modestiam
813 1120 899 1195 solus
913 1146 988 1196 me-

93 1244 149 1316 tuit
158 1245 250 1322 Jovis
258 1243 867 1346 gener&effe&vocari;Argivomm
876 1242 991 1330 civitas

93 1363 396 1462 Agamemnonem,
415 1390 485 1448 non
501 1364 566 1439 und
575 1389 672 1462 arque
684 1363 784 1438 alteri
792 1362 912 1438 virtute
924 1361 991 1433 ins·
1061 1403 1067 1412 ·

94 1489 245 1570 trullum,
256 1484 315 1557 sed
324 1484 479 1561 omnibus
488 1513 567 1584 quas
576 1485 749 1559 nominare
757 1484 871 1584 possis,
882 1507 991 1581 neque

93 1603 127 1675 iis
140 1603 368 1694 mediocriter,
393 1605 451 1680 sed
467 1606 670 1680 excellenter.
700 1605 882 1679 Neminem
899 1604 992 1677 enim

95 1749 127 1795 ex
148 1723 303 1798 omnibus
325 1726 532 1801 inveniemus
554 1729 612 1826 qui
633 1754 682 1800 res
701 1727 753 1800 vel
772 1726 876 1826 magis
896 1725 992 1826 ipsius

93 1845 253 1942 proprias,
272 1845 325 1918 vel
339 1845 554 1947 pulchriores,
571 1846 625 1922 vel
636 1855 796 1945 majores,
809 1845 863 1920 vel
873 1841 994 1920 Graecis

90 1963 254 2066 utiliores,
276 1967 330 2040 vel
345 1968 490 2068 pluribus
508 1967 623 2069 dignas
640 1968 814 2053 laudibus,
835 1967 994 2068 gerendas

95 2080 275 2187 susceperit·
303 2090 344 2160 Et
363 2089 413 2162 his
437 2088 574 2189 quidem
592 2089 637 2162 ital
657 2087 880 2185 enumeratis,
896 2084 995 2162 niulti

94 2203 218 2280 fortasse
235 2207 339 2283 fidem
354 2208 556 2310 denegarent
571 2207 627 2281 :li
651 2210 729 2281 veto
747 2207 871 2307 lingula
888 2205 995 2307 expli-

95 2349 198 2402 centur
208 2329 319 2430 paucis
332 2381 344 2418 ,
361 2355 478 2404 omnes
491 2355 546 2403 me
560 2355 636 2404 vera
651 2329 759 2406 dicere
773 2326 945 2404 fateantur.

138 2700 249 2799 Longa
266 2699 299 2775 de
314 2703 487 2802 magnifica
507 2705 543 2774 in
561 2705 817 2799 Agamemnonis
837 2705 946 2776 laudes

471 2849 619 2946 digrffo.

139 3061 302 3160 Equidem
313 3062 492 3162 perspicere
501 3091 571 3138 rem
584 3091 654 3140 non
664 3063 805 3166 poffum,
813 3066 871 3140 sed
879 3066 998 3141 dubito

97 3179 207 3276 quibus
233 3181 388 3282 deinceps
407 3184 515 3257 verbis
531 3186 616 3258 mihi
631 3187 794 3262 utendum
805 3187 844 3260 fit
860 3212 896 3261 ut
909 3191 999 3261 reste

97 3300 228 3386 statuiffe
247 3302 370 3383 videat.
394 3304 500 3378 Pudet
522 3307 614 3380 enim
635 3307 683 3393 st,
707 3308 750 3382 de
769 3309 888 3383 virtute
906 3295 1001 3409 Agass

98 3425 282 3504 memnonis
294 3426 369 3506 ,tlm
384 3425 488 3500 multa
501 3426 672 3528 praefatus,
684 3429 776 3502 ¹nihil
793 3456 909 3504 eorum
926 3456 998 3527 quae

66 3559 67 3564 ’
86 3541 137 3615 'ab
151 3543 210 3618 illo
222 3545 372 3645 praelate
388 3550 475 3646 gesta
489 3545 565 3620 sunt
580 3574 861 3622 commemorem:
875 3547 933 3622 sed
941 3575 998 3623 au-

100 3660 259 3749 dientibus
273 3666 416 3764 videbor-
423 3693 540 3760 eorum
554 3668 665 3759 similis
674 3669 740 3758 effe
755 3669 813 3770 qui
826 3670 999 3760 temeteac
1099 3748 1101 3753 .
