2750 4742
257 345 369 450 ¹nt
409 379 804 444 nrstutttto
843 379 1154 460 utetv1sute.¹

310 507 456 570 emendate
471 527 518 590 pet
534 503 591 568 hzc
606 527 667 588 quae
679 504 764 566 illum
773 503 981 566 Luedaemonis
992 503 1166 566 laudantem
1178 502 1235 565 lo·

310 629 440 697 quentem
449 611 564 672 inducit.

351 715 384 776 Id
391 713 611 776 scilicetvidetut
617 712 740 774 constare
747 735 781 776 ex
789 713 949 774 testimonio
956 709 1235 796 Iosephistaligeti,

310 822 383 881 Petri
400 820 519 880 Vidlotii
536 826 564 880 δι
583 819 752 898 Hieronymi
769 816 858 880 Vollii
867 863 879 894 ,
897 814 997 878 saeculo
1015 814 1094 877 sexto
1113 816 1234 877 decimo

310 921 462 1004 quemdam
472 919 643 1002 Sophianum
656 923 703 994 (t)
717 917 839 982 habuilse
851 917 977 980 codicem
989 916 1159 980 Isocrateum
1173 939 1234 978 ve·

312 1021 487 1084 tulliffimum
497 1071 508 1096 ,
519 1033 546 1085 δι
555 1021 600 1084 his
609 1025 762 1085 audiiotem
772 1045 843 1105 quos
854 1043 926 1082 nunc
933 1019 1077 1083 habemus.
1088 1046 1109 1074 ec
1118 1021 1172 1082 Sed
1181 1041 1234 1081 co·

311 1151 332 1178 te
353 1129 443 1188 dicem
450 1125 595 1203 Isocratis,
606 1128 697 1210 inquit
703 1125 838 1206 Iosephus
846 1124 966 1211 Scaliger
973 1129 1003 1184 in
1010 1122 1060 1185 sual
1066 1129 1229 1188 CDXXXI

312 1229 468 1312 aepistola
485 1231 521 1292 ad
537 1235 704 1301 Gruterum,
721 1232 797 1292 idem
809 1230 945 1291 Nicolaus
958 1227 1112 1310 §ophianus
1134 1227 1229 1290 hebe-
1345 1306 1348 1317 Ι

311 1360 332 1387 α
350 1332 399 1396 bat
408 1335 458 1417 qui
468 1333 699 1396 panathenaicum
711 1334 799 1394 tribus
812 1331 890 1394 foliis
900 1335 1054 1394 auctiorem
1062 1333 1231 1394 continebat

309 1463 331 1490 α
350 1433 435 1519 quim
455 1439 506 1520 qui
527 1435 610 1498 hodie
631 1440 661 1498 in
679 1437 807 1498 manibus
827 1436 927 1498 nostris
948 1435 1080 1497 versatur.
1107 1435 1233 1498 Praesens

308 1565 340 1592 ιε’
350 1539 444 1601 aderat
458 1541 594 1600 Henticus
605 1538 767 1620 Stephanus.
791 1536 954 1620 impteffum
967 1538 1010 1599 illi
1023 1540 1229 1622 Panegyricum

309 1669 331 1696 α
351 1644 451 1716 (imo,
461 1641 712 1718 Panathenaicum)
723 1639 1022 1724 Sophianusostenditt
1035 1641 1128 1702 locum
1138 1638 1230 1723 *aquo

310 1772 331 1798 α
343 1745 450 1808 >absunt
460 1746 511 1807 illa
519 1745 590 1807 folia
600 1748 767 1827 interpretari
776 1746 865 1825 jubet.
876 1749 974 1827 Quem
981 1765 1070 1828 quum
1077 1745 1230 1830 diligenter

309 1876 331 1904 κ
351 1851 375 1912 is
392 1845 593 1931 perpendisset,
614 1847 708 1931 palium
726 1847 754 1908 se
771 1870 828 1909 non
844 1847 998 1931 intelligere
1011 1845 1144 1928 proserius
1160 1846 1226 1922 est,

311 1978 332 2007 ι·
351 1975 438 2037 quum
449 1971 542 2015 tamen
550 1951 631 2014 antei
644 1951 783 2034 suspectus
792 1955 886 2013 cinon
894 1949 994 2017 luillct.
1005 1952 1115 2042 Pollea,
1126 1953 1228 2034 expli-

310 2078 332 2106 c
352 2077 416 2119 cato
427 2057 524 2118 codice
534 2078 643 2142 grato,
658 2057 794 2120 indicavit
802 2053 937 2138 quantiim
948 2060 978 2116 in
989 2058 1109 2141 vulgatis
1118 2056 1227 2118 editio-

311 2181 333 2210 *
352 2161 432 2222 nibus
448 2161 557 2225 deeffet.
576 2167 621 2221 An
638 2161 686 2221 ille
698 2161 786 2222 codex
803 2182 875 2221 nunc
893 2163 923 2220 in
937 2159 1110 2222 bibliothecd
1125 2181 1225 2236 extet,

310 2291 331 2318 et
351 2268 447 2346 magni
458 2264 570 2326 fecerim
585 2263 676 2338 scire3
696 2274 724 2326 &
737 2264 757 2324 ii
768 2264 858 2326 itiest
868 2286 933 2326 cum
944 2265 1067 2348 volgatis
1077 2263 1226 2326 Salmasius

297 2361 330 2422 ’κ
348 2363 471 2428 conferre
483 2370 602 2450 poterit.
615 2411 624 2430 .
636 2413 663 2429 ..
677 2367 835 2450 Aliquando
843 2390 877 2430 ex
886 2367 946 2450 ipso
953 2367 1094 2448 Stephano
1103 2368 1225 2442 audivi,

306 2491 328 2524 a·
347 2491 458 2553 propter
481 2471 552 2533 hanc
570 2472 698 2534 lacunam
718 2473 746 2532 se
764 2474 886 2534 editione
908 2470 1040 2534 Isocratis
1059 2473 1223 2535 deterritum

307 2594 330 2623 κ
349 2571 464 2638 fututa.
484 2581 614 2635 Attamen
625 2575 822 2657 aliquotannis
839 2575 899 2656 post
908 2575 1065 2636 editionem
1073 2573 1149 2636 suam
1161 2595 1220 2656 pu-

304 2676 409 2738 blicam
420 2674 487 2737 fecit
498 2678 635 2738 Henticus
646 2675 818 2759 Stephanus,
838 2674 1009 2759 omninitque
1022 2679 1108 2737 tacuit
1118 2677 1151 2738 de
1163 2698 1219 2738 eo·

304 2780 367 2842 dice
381 2778 534 2861 Sophiaoi,
548 2789 576 2842 dt
590 2781 624 2841 de
638 2802 673 2841 eo
685 2778 881 2842 Panathenaici
893 2781 958 2840 loeo
970 2780 1019 2839 uhi
1029 2777 1117 2841 sensus
1128 2780 1221 2842 inter·

249 2873 253 2882 ’
304 2902 399 2963 ruptus
418 2883 544 2945 lacunam
560 2884 669 2964 prodit,
683 2892 711 2944 &
727 2884 843 2966 quidem
852 2883 1017 2967 longiorem.
1039 2885 1219 2946 viuotiusin

131 3059 133 3067 Ι
201 3013 205 3019 ’
303 2983 359 3048 suis
368 2986 573 3048 commentariis
584 2984 779 3048 inthetoticos
789 2985 941 3048 Aristotelis
951 2986 1220 3062 libros(2),uattat

321 3235 325 3242 ,
335 3194 374 3264 (ι)
387 3198 516 3264 §caligetur
523 3201 548 3248 δι
556 3197 648 3249 Volfius
657 3200 723 3250 huuc
733 3199 882 3264 sophianam
891 3199 1068 3262 cognominant
1077 3196 1218 3270 Nicolaut,

302 3289 329 3336 dt
345 3287 462 3336 Vidlotius
479 3284 596 3335 Michael.
619 3287 698 3334 Abbas
713 3285 777 3335 Rive
797 3289 864 3347 cuius
880 3281 985 3333 eruditio
1004 3282 1113 3333 latiffimd
1131 3298 1218 3346 patent

301 3374 410 3424 maximo
420 3373 482 3422 mihi
492 3371 581 3422 auxilio
589 3370 635 3422 fuit
645 3373 672 3421 in
680 3374 740 3444 meis
748 3360 971 3437 investigationum
977 3407 986 3433 ,
996 3367 1027 3420 de
1036 3371 1216 3436 hocSophiano

300 3459 508 3511 luculentiffimam
519 3459 606 3526 scripsit
614 3459 817 3526 disputationem,
827 3475 902 3525 quam
909 3459 1032 3525 publicam
1041 3456 1101 3510 mox'
1109 3457 1218 3511 factumn

300 3548 352 3606 est,
369 3565 397 3599 ex
414 3547 463 3614 qud
478 3563 544 3614 patet
560 3531 710 3614 Sophitnum
724 3546 755 3598 de
767 3563 819 3614 quo
828 3546 870 3599 hic
881 3550 960 3616 agitur
967 3547 1013 3598 ista
1021 3544 1073 3598 duo
1084 3545 1158 3600 fimul·
1168 3549 1217 3598 ha·

297 3631 541 3700 buiffecognnntina.

297 3745 304 3776 ·.
324 3718 366 3787 la)
384 3721 507 3806 Florentia
515 3757 525 3789 ,
534 3737 562 3777 ex
573 3720 672 3778 officina
681 3727 821 3788 sunitarum
833 3741 897 3794 ¹575
906 3739 981 3794 ,pru
992 3727 1051 3790 718.
