2750 4742
172 466 177 475 .
222 333 886 457 aueo'mcrrrcrourrm.
950 410 1010 477 ιο,

99 520 613 609 ῐιᾶἰΒειὼπο,Τὴεὺεηοωιῃ
621 524 747 599 amicos
755 526 1021 612 coactiservare,

101 651 139 715 &
166 646 281 717 nostris
303 645 450 747 ipsorum
471 646 567 719 sociis
586 646 731 720 destituti
748 648 826 731 ,ub
848 648 917 721 bruc
933 647 1023 725 facta

103 789 241 852 tamen,
260 768 310 840 bis
323 777 414 867 jam,
435 768 524 867 quasi
539 794 574 841 re
585 768 672 845 bene
683 768 792 867 gesti„
808 768 1022 869 supplicatio-

102 913 163 959 nes
188 888 454 975 decreverimus,
481 918 518 963 ac
541 889 763 989 negligentius
780 917 843 989 pro
859 890 1022 979 concione

101 1006 345 1095 deliberemus,
360 1010 461 1109 qualm
477 1010 502 1082 ii
522 1010 641 1110 quibus
657 1010 773 1083 omnia
792 1009 1026 1105 secundillima

101 1129 303 1203 acciderunt.
323 1133 364 1203 Et
384 1131 503 1205 meriti)
524 1130 662 1229 quidem
682 1130 751 1230 lucc
768 1140 806 1205 ’δι
829 1130 967 1205 facimus
983 1142 1020 1207 δι

101 1252 258 1351 patimur.
271 1251 366 1325 Nihil
374 1253 466 1325 euim
475 1250 628 1352 prospers
639 1253 681 1325 ab
689 1252 763 1326 ullis
771 1254 883 1353 peragi
895 1259 1018 1355 potest,

101 1372 162 1446 nisi
183 1373 225 1447 de
244 1372 370 1445 summi
389 1373 574 1475 reipublicae
602 1375 691 1449 reste
709 1373 930 1449 deliberarint.
952 1376 1017 1451 Etst

100 1496 197 1565 enim
212 1494 251 1565 iis
269 1495 430 1569 nonnulla
447 1493 533 1567 bens
549 1472 691 1579 cedant,
707 1494 765 1568 seu
784 1492 945 1580 fortuitu,
963 1496 1020 1569 seu

100 1603 225 1706 uirtute
235 1615 295 1687 viti
303 1614 561 1715 alicujus‚paulb
570 1617 642 1715 post
652 1642 709 1688 eos
720 1614 830 1688 videas
840 1614 877 1685 in
885 1612 1019 1690 easdem

102 1736 309 1811 difficultates
332 1738 506 1811 incurrere.
536 1735 575 1809 ld
592 1734 684 1839 quod
706 1726 746 1808 eit
760 1738 878 1810 nostris
893 1736 1014 1810 casibus

101 1858 198 1932 facile
210 1857 414 1959 intelligitur.
808 1855 823 1977 δ’

149 2058 265 2147 Quum
278 2054 371 2127 enim
387 2054 539 2128 universa
551 2054 700 2140 Graecia,
719 2057 792 2156 post
806 2054 922 2128 navale
938 2056 1024 2131 Com

101 2178 202 2249 nonis
217 2176 363 2275 praelium
372 2186 408 2249 δε
420 2176 594 2250 Timothei
608 2178 805 2278 imperium,
821 2177 858 2248 in
869 2180 1015 2250 nostram

5 2360 6 2373 ,
100 2301 293 2397 potestatem
310 2296 497 2383 cecidisset,
516 2326 566 2371 tes
586 2298 734 2371 nostrum
750 2298 919 2399 prosperas
936 2297 1015 2374 diu-

100 2417 167 2505 tius
180 2418 318 2490 retinere
340 2445 409 2489 non
426 2419 611 2519 potuimus,
635 2417 693 2491 sed
709 2444 765 2489 eas
777 2417 925 2491 celeriter
944 2417 1017 2501 dis-v

5 2532 7 2579 Ὗ
98 2537 258 2611 solvimus
283 2547 319 2610 δι
339 2537 571 2637 dissipavimus.
596 2538 773 2636 Optimam
792 2537 885 2609 enim
900 2536 1013 2609 admi-

6 2730 7 2735 ,
99 2658 259 2730 nistrandi
291 2658 455 2730 rationem
480 2656 545 2755 qus
567 2656 664 2729 rebus
695 2656 744 2728 uti
775 2638 854 2727 sicut
881 2677 1022 2755 oportet

7 2784 8 2813 ³
99 2780 277 2881 poffimus,
296 2805 357 2851 nec
383 2779 541 2851 habemus
565 2803 627 2851 uec
653 2776 812 2875 consequi
835 2774 1017 2852 studemus.

99 2900 207 2999 Atqui
237 2898 360 3005 scimus,
387 2924 504 2969 omnes
527 2896 720 2971 felicitatem
749 2894 954 2999 potiffimtim
975 2904 1012 2970 &

146 3203 162 3295 [
171 3219 191 3277 l.
213 3204 268 3297 4.]
288 3210 455 3294 Eimspsmut
472 3214 654 3296 τεθύκαμιν,
669 3216 745 3275 bona
754 3214 852 3274 nuntia
870 3211 1011 3273 sacrifica-

96 3320 188 3381 vimus
202 3359 219 3393 ‚¹
229 3318 250 3377 i.
264 3337 289 3376 e.
304 3335 437 3396 tanquam
451 3316 489 3375 ob
503 3317 544 3375 rei
556 3313 627 3375 bene
640 3315 720 3397 gtstae
734 3314 852 3377 nuncios
867 3308 1023 3374 sacrifica..

97 3419 199 3477 vimus.

145 3495 194 3587 [1.
216 3494 295 3588 18.]
319 3503 549 3589 Araccaeipt‘u,
565 3508 675 3591 proprie
689 3508 791 3569 dicitur
803 3507 837 3566 de
851 3504 947 3564 avibus
960 3504 1013 3582 qui

97 3610 237 3693 unguibus
257 3626 359 3667 tetram
379 3606 512 3688 scalpunt.
534 3604 576 3667 ltl
595 3604 762 3686 Hesychius.
789 3605 877 3663 Aliter
891 3606 1008 3685 Harpo-

97 3714 183 3773 cratio
202 3710 233 3767 in
247 3704 305 3771 hoc
318 3704 393 3769 idem
406 3705 523 3773 verbum
539 3728 547 3765 ε
570 3724 654 3787 quern
669 3702 744 3767 vide..

774 3802 864 3882 Giv
