2750 4742
177 328 830 413 ,nusmimsmunim
919 364 989 435 4¹3
1059 362 1063 367 ·

82 503 206 552 turum:
226 479 322 554 Deos
335 479 414 558 verb
431 478 592 554 existimas
604 480 740 557 suorum
754 483 898 560 libeiiun
915 486 995 559 nul-

83 601 144 673 lam
155 599 289 700 ptotsiis
300 626 411 675 curam
421 600 561 676 habere!
577 603 692 705 Atque
703 632 745 679 ex
758 604 863 706 teipso
876 605 996 679 iduo-

83 721 140 795 bus'
164 723 353 825 turpiffimis
380 724 573 799 criminibus
597 752 667 799 non
696 726 824 801 absunt.
855 727 996 801 Nam'fi

31 874 34 885 *
83 843 183 916 bonos
200 872 260 917 eos
281 871 324 918 ne
338 843 476 945 quidem
486 842 551 921 'effe
562 847 701 931 volunt,
719 845 883 920 deteriore
893 847 996 946 quim

83 966 230 1039 homines
244 968 383 1069 ingenio
397 996 408 1065 3
427 966 498 1053 sin,
517 994 623 1068 quum
639 968 744 1045 velint
753 1020 766 1055 ‚
783 994 852 1040 non
871 968 995 1042 habent

82 1090 252 1187 quomodo
268 1090 304 1163 id
319 1088 486 1177 efficiant,
505 1092 638 1165 minore
649 1091 751 1193 quim
765 1090 913 1191 sophistae
927 1118 993 1192 po·

83 1209 198 1297 tentia,
213 1211 292 1285 sunt
305 1211 465 1285 insttusti.

356 1484 476 1556 conclu
487 1507 521 1555 ιο
535 1483 705 1555 orationis.

124 1694 290 1789 Quamvis
313 1712 424 1767 autem
440 1693 549 1767 multa
567 1694 635 1767 dici
648 1716 773 1795 queant
790 1718 849 1795 pet
865 1720 937 1793 quae
954 1700 992 1769 &

85 1816 219 1893 laudatio
247 1828 286 1892 δε
311 1815 459 1891 defenfio
483 1816 614 1890 dilatari
634 1816 764 1918 poffet,
787 1844 857 1890 non
878 1842 991 1892 tamen

86 1938 220 2039 pl'uribus
234 1939 344 2014 verbis
357 1966 439 2039 opus
453 1937 516 2012 effe
530 1963 676 2013 autumo.
693 1941 765 2012 Nec
774 1941 871 2014 'enim
881 1942 991 2012 osten·
1063 1974 1068 1983 ·

88 2059 170 2145 tandi
193 2046 276 2141 mei
288 2061 375 2161 apud
397 2060 506 2146 alios,
529 2062 586 2134 sed
610 2061 783 2134 erudiendi
805 2060 853 2138 tui
873 2060 988 2147 causi,

88 2206 176 2281 utque
186 2180 398 2257 ostenderem
411 2182 586 2282 quomodo
599 2182 720 2255 horum
731 2205 908 2281 utrumque
917 2182 990 2256 fieti

88 2300 220 2389 debeat,
245 2305 316 2379 haec
338 2302 481 2377 differui.
514 2303 604 2377 Nam
625 2303 733 2376 oratio
754 2302 893 2401 quidem
915 2303 934 2374 i
956 2326 991 2377 te
1103 2342 1106 2347 ·
1150 2289 1156 2294 .

89 2424 286 2527 conscripta,
308 2450 377 2497 non
392 2422 540 2497 defenfio
554 2423 727 2509 Busiridis,
740 2423 798 2496 sed
809 2424 988 2495 criminum

89 2543 254 2631 confessio,
277 2547 366 2621 ιεᾶὲ
387 2544 562 2617 existimari
581 2540 698 2646 po'test.
718 2545 790 2617 Nec
806 2545 899 2615 enim
910 2570 990 2617 eum

89 2662 171 2763 culpi
189 2692 331 2751 vacare,
354 2664 413 2739 sed
432 2662 612 2736 nonnullos
632 2662 714 2736 alios
735 2661 855 2737 eadem
874 2690 991 2764 perpe-

89 2766 171 2859 t'raffe
184 2788 350 2875 declaras,
368 2782 530 2861 facillimo
546 2770 990 2887 delinquentibus'confitgio

90 2910 274 3010 excogitato.
296 2916 414 3005 Quum
428 2910 521 2983 enim
536 2925 606 2981 non
621 2906 718 2983 facile
730 2907 769 2981 fit
782 2907 993 3008 ullumrepe·

90 3028 144 3103 rire
153 3030 251 3107 scelus
262 3032 515 3133 qubdnondiim
525 3030 990 3122 fitwc'onfemffiinhorum
1060 3033 1075 3047 ²
1116 3095 1118 3115 Λ

90 3148 236 3229 sceletum
248 3137 386 3255 singulfi
390 3154 612 3255 deprehensos
623 3152 708 3225 nihil
718 3176 817 3253 grave
827 3151 989 3225 admifisse

90 3274 277 3369 putabimus,
284 3277 389 3350 modi)
396 3276 478 3349 alios
486 3275 604 3349 eadem
612 3272 721 3349 feciffe
729 3276 989 3358 constet,nonne

90 3394 233 3470 omnibus
256 3396 423 3498 expeditas
443 3395 628 3497 parabimus
647 3393 876 3479 defenfiones,
894 3402 931 3467 &
947 3393 989 3467 iis

91 3512 142 3607 qui
156 3514 301 3619 improbi
316 3516 380 3593 effe
397 3516 503 3593 velint
515 3513 672 3619 mag'nam
684 3513 854 3589 licentiam
864 3512 989 3615 apetie·

93 3656 167 3709 mus.
