2750 4742
223 396 499 473 DE-PACE
535 395 799 472 ORATIO.
896 409 962 474 261

57 563 182 613 norum
202 570 321 628 more,
341 541 399 615 sed
421 540 615 627 sociorum,
641 542 886 643 ptaefuetimus:
903 543 974 629 hoc

55 663 180 763 nempe
192 663 301 761 edocti
314 670 374 737 noi
386 716 397 749 ,
407 688 443 737 ut
452 663 582 764 singuiis
592 663 774 737 civitatibus
789 662 967 764 superiores

56 780 190 869 sumus,
207 785 252 857 itti
268 786 423 859 universis
439 785 502 859 esse
516 786 700 862 inferiores.

104 904 260 977 Tertium
275 905 443 1005 denique,
457 906 499 995 si,
512 930 627 1007 praetet
639 907 795 1008 pietatem
808 906 843 977 in
855 906 970 992 Deos,

55 1024 141 1095 nihil
156 1026 256 1124 pluris
269 1026 412 1101 feceritis
428 1028 528 1125 quim
545 1027 633 1127 apud
642 1030 773 1101 Graecos
783 1026 868 1099 bene
879 1025 972 1098 audi·

58 1171 100 1217 te.
124 1146 213 1221 Nam
232 1176 316 1245 quos
334 1148 382 1221 illi
400 1148 441 1221 sic
454 1148 618 1221 animatos
634 1148 799 1233 viderint,
818 1148 867 1221 his
883 1147 971 1221 ultro

17 1320 18 1325 η
58 1274 90 1338 &
109 1266 250 1367 imperia
265 1270 436 1371 &seipsos
452 1269 595 1343 tradunt.
1024 1250 1031 1261 ⁰

118 1440 180 1509 Ex
200 1440 346 1533 sapimti
369 1438 402 1513 ἕν
427 1444 594 1513 moderata*
617 1443 741 1512 rarione
758 1442 907 1534 secutura

425 1566 602 1635 commoda.

60 1768 66 1775 ·
88 1706 211 1819 ¹Quod
225 1728 250 1802 st
265 1755 304 1801 ea
319 1757 393 1828 quae·
404 1728 546 1803 diximus
561 1728 786 1829 prestiterim,
801 1737 837 1801 &
849 1728 894 1800 iti
906 1754 966 1801 vos

17 1898 18 1905 t
56 1838 344 1947 computaveriris,
361 1874 398 1921 ut
410 1858 445 1923 &
457 1850 506 1922 tei
519 1850 668 1921 militatis
682 1850 913 1921 exercitatione
922 1876 968 1923 at-

55 1996 119 2065 que
135 1968 373 2069 apparatu-fitis
385 1969 548 2053 bellicosi,
561 1978 597 2043 &
612 1970 696 2041 nihil
712 1995 824 2071 ptaeter
839 1998 971 2069 aequum

55 2088 189 2189 agendo
203 2090 290 2188 pacis
310 2088 468 2173 studiosi,
486 2089 654 2161 nonhanc
672 2089 776 2163 modo
789 2090 971 2189 rempubli-

53 2236 128 2281 cam
145 2208 279 2283 felicem
301 2210 464 2295 teddetis,
485 2208 543 2284 sed
563 2210 665 2284 etiam
682 2214 814 2283 Gtaecos'
832 2213 969 2284 univer·

53 2330 116 2402 sos.
136 2330 171 2400 N
173 2355 210 2401 ec
221 2330 313 2403 enim
328 2330 395 2403 ulla
408 2355 588 2405 ceterarum
599 2332 769 2404 civitatum
784 2358 841 2403 eos
854 2330 972 2405 laedere

53 2450 193 2523 audebit
201 2443 217 2547 '3
241 2450 300 2523 sed
322 2450 548 2535 verebuntur,
574 2451 802 2549 cavebuntque
824 2450 972 2550 nequid

52 2596 241 2658 moveant,
262 2573 396 2673 quando
413 2573 558 2647 viderint
573 2573 741 2647 civitatem
756 2575 900 2645 nostram
917 2598 972 2651 ve-

51 2694 138 2765 lute
154 2690 281 2794 speculi
294 2694 575 2796 prospicientem,
593 2702 629 2767 &
640 2695 675 2764 in
686 2694 752 2765 hoc
761 2694 923 2765 intentam
935 2716 980 2779 ut,

50 2816 216 2909 injuriam
230 2816 322 2916 passis
336 2815 524 2915 opituletur.
543 2815 587 2887 At
598 2818 678 2890 vero
690 2838 802 2886 utrum
814 2815 874 2887 illae
887 2814 971 2887 sece-

50 2935 125 3006 tint
136 2988 150 3021 ‚
163 2938 276 3017 nostre
288 2962 337 3009 res
349 2938 436 3009 reue
450 2964 486 3008 ac
498 2936 646 3036 preclare
657 2935 691 3007 se
702 2935 880 3010 habebunt.
896 2936 972 3010 Sive

52 3056 400 3155 enimpotentioribus
407 3056 590 3130 civitatibus
597 3055 974 3132 visumfueritabstinete

54 3337 122 3417 pico
137 3378 147 3405 ‚
163 3351 195 3391 ur
210 3329 303 3391 scribit
318 3336 470 3405 Lucienus,
485 3332 645 3394 dicebantur
658 3332 764 3413 pugiles
776 3334 824 3410 qui
838 3335 969 3412 expecte-

54 3434 126 3491 bant
143 3426 214 3489 dtim
230 3431 329 3511 aliquis
356 3430 371 3491 ὲ
396 3432 617 3495 concertantibus
641 3424 809 3489 occubuisset
819 3430 877 3502 ,vin
891 3433 967 3505 cujus

55 3528 105 3610 ipsi
128 3526 226 3587 locum
248 3528 328 3587 luttae
351 3525 534 3587 succederent.
561 3531 637 3586 Hinc
657 3515 832 3607 iptdptiuttr,
850 3527 918 3584 stare
939 3530 969 3591 in

58 3628 226 3708 procinctu,
241 3622 294 3685 esse
307 3628 335 3683 in
348 3627 485 3699 statione,
507 3646 540 3687 at·
551 3624 637 3691 ueluti
650 3626 683 3688 in
694 3620 803 3705 spretui
816 3620 970 3705 prospicere

59 3746 96 3788 ne
109 3723 181 3805 quid
194 3725 264 3785 mali
281 3726 402 3811 ingruat·
877 3744 881 3753 ·

741 3782 859 3924 Riij'
