2750 4742
285 331 810 411 PANATHENAICUS.
934 365 1002 435 455

89 473 278 550 docuerunt
298 481 431 552 Graecos
451 507 519 580 quo
536 485 636 581 patto
651 481 722 554 suas
738 483 886 556 civitates
902 481 1010 556 admi-
1037 534 1039 538 v

88 598 247 684 nistrare,
264 609 303 674 ὃ(
317 601 431 674 contri
444 629 526 701 quos
543 601 631 676 bella
648 629 760 704 gerere
776 603 960 689 deberent,
983 604 1009 677 fi

87 723 253 796 Graeciam
270 723 398 798 vellent
417 726 662 826 amplificatam.
688 727 933 803 Lacedaemonii
947 755 1007 800 au-

90 865 156 915 tern
179 843 269 916 circi
288 845 380 920 idem
401 870 528 947 tempus
549 848 679 920 tannim
696 847 873 920 abfuerunt
895 872 933 919 ut
946 847 1006 920 aii-

88 964 166 1062 quid
184 974 358 1066 majorum
375 969 562 1041 nostrorum
583 967 737 1068 operibus
754 965 858 1040 simile
876 972 1008 1074 presta·

88 1109 192 1172 rent,
221 1085 292 1162 sive
321 1087 482 1162 Barbaros
503 1088 768 1195 oppugnando,
794 1087 861 1162 sive
885 1091 1007 1175 Grecis

88 1209 356 1299 benefaciendo,
372 1238 409 1288 ut
427 1241 470 1286 ne
482 1211 648 1312 quiescere
664 1211 804 1310 quidem
818 1211 1006 1308 voluerint3

89 1330 143 1405 sed
163 1335 273 1432 quum
287 1336 406 1410 urbem
421 1336 582 1410 haberent
601 1335 763 1431 ahenam,
785 1335 1009 1436 &regionem

89 1479 157 1528 non
178 1459 289 1532 modo
312 1447 554 1558 sufficientem,
574 1459 632 1533 sed
655 1483 819 1594 quautam
836 1455 932 1565 nulla
944 1458 1008 1530 alia

89 1578 279 1652 Graecarum
292 1581 426 1655 urbium
441 1547 580 1667 habuit,
605 1581 655 1654 his
671 1578 822 1652 contenti
843 1606 913 1650 non
934 1578 1006 1652 fue·
1055 1676 1061 1684 ι

89 1695 170 1794 rint3
184 1723 220 1772 at
235 1699 310 1802 ipso
324 1725 446 1776 eventu
464 1702 602 1788 edocti,
624 1701 807 1776 secundum
820 1699 952 1802 leges
929 1701 1007 1798 qui
1055 1709 1060 1718 ’

91 1816 190 1904 dem,
210 1821 313 1894 urbes
327 1829 363 1896 &
380 1821 531 1923 regiones
544 1850 660 1897 eorum
678 1821 742 1896 effe
759 1820 866 1895 videri
881 1821 940 1920 qui
953 1827 1006 1896 ea's

31 1981 34 1988 ι
92 1940 167 2035 justi
182 1949 218 2016 δι
231 1941 384 2042 legitime
397 1942 619 2043 possiderent,
638 1970 751 2016 reuera
764 1965 874 2014 autem
891 1967 1008 2013 eorum

92 2057 160 2131 fieri
175 2063 321 2159 quirem
339 2063 519 2137 militarem
533 2054 722 2140 exercerent
737 2061 955 2164 pulcherrime
971 2067 1008 2156 oc

93 2178 194 2254 hostes
209 2182 364 2282 superare
379 2181 561 2282 poffenrin
573 2184 713 2284 preliis:
735 2183 823 2278 hacc,
842 2183 1007 2281 inquam'ss

93 2298 198 2374 secum
214 2304 423 2404 cogitantes,
443 2305 637 2406 agricultura
657 2303 829 2406 negiecii,
850 2311 886 2377 &
907 2288 1035 2404 epifi-⁶

94 2423 175 2508 ciis,
200 2433 236 2498 δι
264 2427 378 2498 ceteris
403 2426 587 2512 omnibus,
622 2453 794 2527 nunquam
816 2427 1010 2499 destiterunt

95 2540 279 2644 fingulatim
299 2543 445 2644 quasque
467 2546 686 2646 Peloponnesi
707 2549 854 2619 civitates
876 2528 1008 2648 oppuge

97 2691 193 2751 nate,
219 2677 257 2740 δε
281 2693 422 2750 vexare,
448 2675 484 2740 δι
507 2689 678 2753 evertere,
704 2668 907 2768 Argivorum
929 2669 1010 2768 urbe

97 2787 233 2886 excepti.
254 2786 413 2886 Contigit
424 2786 522 2886 igitur
533 2813 572 2860 ex
587 2788 625 2858 iis
638 2811 783 2886 quaenos
797 2787 956 2874 fecimus,
971 2813 1009 2864 ut

98 2907 216 2982 Graecia
229 2932 418 3010 augeretur,
440 2911 619 3011 &Europa
626 2912 796 3010 potentior
805 2911 896 2984 fietet
908 2913 1010 3011 quim

98 3025 188 3115 Atia,
206 3039 243 3104 δε
261 3030 304 3102 ad
326 3029 414 3114 haec,
432 3055 469 3104 ut
487 3031 603 3138 inopes
619 3013 726 3108 Greci
741 3032 838 3108 urbes
853 3059 1008 3133 caperent

99 3157 240 3252 &agros
257 3182 268 3248 3
293 3151 376 3226 ditm
396 3153 531 3226 Barbati
550 3154 610 3252 qui
634 3152 728 3253 ptiiu,
744 3149 864 3255 magnai
885 3153 1006 3236 feroci&

100 3273 332 3370 grassabantur,
348 3276 402 3348 suh
415 3276 562 3376 ipsorum
572 3277 708 3377 regione
719 3275 799 3377 pulsi
809 3330 820 3362 ,
831 3277 1009 3352 humiliora

93 3489 98 3502 ⁸
147 3465 191 3558 [l.
208 3512 242 3560 9
251 3471 404 3571 ]vu1g.‘'
391 3511 450 3550 etur
464 3451 622 3572 'legam
636 3510 701 3549 cum
714 3489 811 3547 Battie.

148 3564 191 3658 [l.
219 3572 296 3670 14]
330 3580 397 3672 ssepi
421 3579 478 3651 tiit
503 3589 532 3648 in
557 3587 635 3671 vulg
659 3584 807 3648 emendavi
828 3605 893 3644 tum
917 3590 1007 3648 Battie

104 3669 241 3766 trepitat.
987 3705 993 3712 ·

651 3749 654 3756 Δ
755 3737 927 3861 Ffiv
