2750 4742
329 388 863 467 PANATHENAICUS.
983 396 1047 488 583

136 535 243 634 qudm
257 537 394 639 piratas,
406 539 552 640 aliosque
567 537 783 640 predones&
793 538 976 623 maleficos,
991 539 1051 638 qui

135 654 228 729 inter
241 658 275 732 se
287 687 420 760 quoque
434 659 677 762 consentientes
692 659 773 732 alios
786 659 997 733 interficiunt.
1017 659 1051 731 Si

136 778 259 876 quibus
277 805 387 855 autem
404 783 473 856 haec
488 781 693 884 comparatio
711 779 841 854 videtur
866 781 1051 866 indecora,

136 927 249 1002 neque
272 904 494 978 consentanea
515 903 578 978 effe
602 907 775 986 Laconum
797 903 1052 1000 existimationi3

136 1024 202 1097 hec
215 1027 357 1112 omissi,
372 1028 415 1101 de
427 1027 583 1101 Triballis
600 1026 698 1110 dito,
719 1054 803 1124 quos
822 1053 939 1100 omnes
960 1026 1053 1104 aiunt

136 1150 373 1223 concordiores
391 1149 453 1224 effe
469 1151 604 1249 quidem
618 1150 720 1250 quim
735 1135 820 1224 ullos
837 1150 919 1222 alios
936 1149 1053 1222 homi-

136 1296 223 1355 nes,
241 1272 402 1372 perimete
415 1274 494 1346 vero
509 1299 578 1344 non
593 1272 753 1344 finitimos
767 1271 898 1344 tantitm
912 1280 948 1346 &
961 1270 1054 1342 habi·

135 1413 246 1464 tantes
260 1393 294 1464 in
307 1393 361 1465 sud
371 1393 504 1478 vicinid,
517 1393 573 1466 sed
581 1421 637 1466 eos
648 1420 765 1466 omnes
774 1393 817 1465 ad
827 1419 911 1491 quos
920 1389 1053 1492 poffiurt

134 1514 324 1613 pervenire.
350 1517 445 1609 Quos
457 1515 580 1588 imitari
591 1542 661 1587 non
675 1515 770 1588 decet
784 1541 840 1586 eos
851 1513 910 1614 qui
923 1513 1052 1587 virtutis

135 1636 283 1709 studium
302 1637 377 1708 sunt
388 1617 547 1739 profesti,
569 1663 602 1710 at
622 1638 694 1710 vim
711 1636 820 1738 potitis
842 1664 879 1710 ac
900 1661 1051 1710 naturam

133 1757 304 1858 sapientiae
318 1767 353 1832 δε
370 1761 518 1858 justitie,
535 1769 783 1859 ceterarumque
798 1759 969 1832 virtutum.
991 1761 1053 1831 Hae

134 1879 231 1953 enim
255 1907 325 1953 non
349 1880 550 1981 sibime:ips1s
573 1880 809 1966 benefaciunt,
834 1879 893 1954 sed
908 1907 1052 1979 quotum

134 2001 258 2075 animis
268 2006 453 2100 constanter
462 2001 661 2088 insederint,
675 2029 732 2075 eos
742 2002 852 2075 felices
861 2002 1005 2075 reddunt
1014 1995 1061 2074 &¹

135 2129 264 2201 beatos.
284 2128 527 2201 Lacedaemonii
541 2130 656 2202 contri
670 2127 897 2229 quoscumque
911 2129 1051 2203 acceffe-

134 2249 206 2322 rint
221 2249 384 2350 perdunt,
404 2251 611 2351 aliorumque
622 2250 712 2323 bona
723 2251 1053 2353 omniasrbimetipfis

135 2371 321 2446 vindicant.

135 2563 312 2660 Expositio
323 2591 429 2636 eorum
440 2590 507 2658 que
519 2551 857 2658 diſjrrutationemfunt
866 2562 1029 2658 consecuta
1036 2615 1049 2646 ,

234 2751 241 2758 .
298 2681 331 2756 ἆ
346 2689 386 2756 dc
400 2688 521 2775 edenda*
533 2689 679 2756 oratione
694 2674 902 2758 deliberatio,

85 2958 87 2960 -
183 2862 249 2934 His
262 2862 281 2934 d
294 2887 348 2934 me
361 2861 463 2949 dictis,
473 2888 551 2934 eum
566 2861 696 2961 tepreffi
711 2862 827 2933 contri
838 2889 939 2961 quem
951 2863 1051 2937 verba

136 2983 321 3067 fodiebam,
339 2983 448 3057 virum
470 2983 659 3068 strenuum,
684 2991 719 3057 &
740 2984 919 3058 multatum
940 3013 1050 3059 retum

136 3105 305 3206 peritum,
330 3112 366 3177 &
389 3103 424 3175 in
444 3102 588 3176 dicendo
612 3129 681 3176 non
706 3104 917 3177 exercitatum
939 3105 1049 3179 minds

135 3227 239 3326 qudtn
253 3224 437 3324 quemlibet
454 3225 472 3296 ὲ
489 3225 570 3296 meis
590 3223 766 3325 discipulis.
792 3224 954 3297 Cetertim
968 3226 1051 3299 ado·

136 3346 309 3444 lestentuli
321 3337 380 3445 qui
395 3347 445 3418 his
458 3346 613 3420 omnibus
626 3346 859 3432 interfuerant,
874 3374 945 3418 non
958 3348 1049 3421 idem

135 3469 308 3544 senserunt
322 3467 414 3568 quod
424 3489 497 3569 ego·
516 3471 605 3542 Nam
619 3495 673 3542 me
684 3468 822 3567 quidem
832 3468 1004 3542 huddrunt
1013 3495 1051 3543 ut

137 3593 196 3692 qui
210 3591 385 3692 juveniliits
405 3591 617 3664 differuiffem
636 3591 737 3697 qudtn
756 3589 991 3690 expediaffent,
1011 3599 1048 3665 δε

138 3714 271 3791 fortiter
299 3697 560 3814 concerteffem3
585 3713 681 3788 illum
706 3738 817 3789 autem
838 3715 1056 3816 contem-pse-
1104 3780 1108 3791 .

796 3835 832 3908 Ο
845 3863 868 3907 ο
890 3834 926 3909 iv
