2750 4742
295 269 841 352 P-ANATHENAICUS.
956 303 1022 374 579

104 438 204 518 agros
218 417 365 520 ipsorum
385 423 549 525 impeturn
570 421 716 508 faciunt,
737 423 796 496 sed
809 418 924 496 contrd
938 451 1020 498 con·

105 541 325 636 jundillrmos
342 554 378 620 δε
394 570 571 646 cognatos:
588 546 624 618 id
641 545 734 645 quod
749 546 914 646 Spartiatae
930 543 1020 618 fece·

107 681 197 740 tunt.
222 658 329 764 Atqui
342 667 517 766 quomodo
532 665 581 740 fas
597 670 641 739 est
655 692 713 738 eos
725 665 834 738 dicere
847 665 959 739 studiis
972 665 1020 741 rei

106 781 259 856 militatis
272 787 360 877 redte
372 787 443 880 uti,
461 788 520 884 qui
536 815 619 885 quos
633 786 841 862 conservatos
853 766 1020 888 oportuit,

104 929 165 977 eos
180 905 317 1006 perdere
331 935 401 980 non
417 909 635 982 destiterunt?
655 908 785 984 Verum
800 935 872 980 non
888 932 923 980 tu
934 909 1020 982 solut

104 1024 239 1125 ignotas
251 1029 389 1126 quinam
398 1029 492 1103 rebus
504 1029 590 1104 bend
601 1055 750 1126 utantut3
764 1029 1021 1104 sedGraecotum

102 1172 180 1246 pars
203 1147 272 1220 fere
293 1151 447 1254 maxima.
471 1153 560 1224 Nam
575 1150 598 1223 fi
615 1179 698 1252 quos
712 1150 881 1236 viderint,
905 1175 960 1222 aut
979 1177 1020 1222 ex

100 1265 271 1368 aliquibus
289 1271 468 1358 audierint,
482 1275 608 1346 strenud
618 1271 810 1346 incumbere
820 1299 855 1343 in
870 1299 909 1345 ea
918 1270 1022 1344 studia

99 1415 178 1487 quae
190 1379 325 1491 pulchra
334 1379 513 1479 habentur,
529 1421 585 1466 eos
595 1394 748 1477 laudant,
762 1403 797 1466 &
807 1392 910 1466 multa
921 1393 1022 1466 verba

100 1509 150 1582 de
163 1511 208 1583 eis
221 1509 365 1598 faciunt,
380 1541 484 1612 quum
500 1501 655 1615 ignorent
664 1513 747 1613 quid
761 1539 958 1587 eventurum
975 1512 1023 1587 sit.

100 1629 216 1706 Decet
233 1660 344 1708 aurem
360 1635 455 1710 sanos
474 1635 665 1736 hujusmodi
677 1637 826 1710 vitorum
845 1637 1023 1710 aestimato·

104 1756 176 1839 ies,
191 1754 233 1829 de
245 1757 294 1828 his
308 1757 405 1829 initio
419 1757 612 1858 tranquillos
623 1757 705 1843 elle,
719 1780 755 1830 ac
762 1757 889 1830 nullam
899 1757 941 1830 de
950 1755 1023 1828 tali-

103 1872 169 1950 bus
183 1877 303 1952 habere
317 1880 524 1980 opinionem.
545 1885 724 1979 Postquam
735 1881 814 1955 vero
830 1879 874 1953 ad
888 1863 924 1952 id
938 1904 1023 1953 tem-

105 2023 170 2102 pus
183 2001 336 2072 venerint
347 2027 414 2098 quo
423 2027 479 2074 eos
493 2001 683 2075 &dicentes
693 2011 729 2076 δε
742 2026 874 2102 agentes
887 2001 1024 2076 videant

106 2123 176 2196 five
189 2113 231 2195 de
245 2123 379 2222 privatis
391 2122 456 2197 sive
470 2124 512 2197 de
525 2123 663 2225 publicis
681 2125 846 2226 negotiis,
872 2123 943 2196 nim
960 2124 1023 2197 de-

106 2241 205 2316 mltm
230 2243 355 2316 debent
375 2244 516 2346 singulos
542 2245 635 2318 acute
659 2246 900 2346 contemplati,
924 2270 1023 2345 atque

107 2391 168 2439 eos
181 2367 239 2464 qui
248 2369 328 2466 justit
342 2375 378 2442 &
391 2368 526 2442 honeste
542 2369 582 2440 iis
596 2391 731 2440 utuntur
742 2369 860 2466 quibus
871 2369 1023 2440 animum

106 2490 355 2590 applicuerunt,
372 2491 510 2582 'laudate
531 2497 567 2566 δ’(
578 2491 771 2586 'honorate3
790 2489 1021 2589 delinquentes

105 2637 219 2688 autern
243 2623 279 2688 dt
299 2613 498 2714 improbos,
522 2615 762 2714 reprehendere
786 2623 820 2686 &
837 2609 964 2697 odille,
985 2621 1022 2686 ὅ(

106 2761 225 2810 cavere
243 2735 284 2808 a'b
300 2763 415 2810 eorum
432 2734 599 2809 motibus:
620 2736 801 2835 cogitantes
814 2733 1023 2807 sciliceteam

107 2859 175 2935 effe
191 2885 341 2934 naturam
358 2887 467 2934 retum
482 2885 518 2932 ut
531 2859 627 2932 nobis
648 2885 706 2960 pet
721 2856 755 2930 se
770 2882 878 2956 neque
898 2857 1022 2958 prosint

109 3011 220 3083 neque
227 2983 350 3078 obsint3
360 2981 417 3056 sed
423 2982 683 3082 prouthomines
691 2959 826 3054 utuntur
833 2980 1021 3062 rebtrebe'ne

109 3107 167 3186 vel
180 3107 288 3193 male,
309 3106 355 3190 itti
371 3105 468 3180 nobis
484 3105 573 3178 bona
585 3105 639 3212 vel
652 3104 740 3176 mula
749 3103 891 3176 evenire.
916 3103 1023 3202 ldque

110 3287 1020 3315 „nu-mm

162 3403 203 3495 [l.
221 3439 232 3476 1
245 3422 301 3492 3&
318 3399 391 3492 14.]
409 3415 495 3498 Vulg.
509 3409 593 3474 habet
604 3415 819 3501 npoutpeptltttt
830 3459 839 3485 ,
852 3399 879 3477 (d
891 3397 963 3485 mei
972 3397 1025 3490 ‘illl

110 3508 238 3580 curritur
255 3516 281 3582 ir
302 3509 405 3604 ἆρχῇ,
430 3514 522 3576 delevi
537 3508 563 3600 r}
578 3520 605 3572 &
621 3517 730 3578 mutavi
744 3512 1019 3606 interpunffionern,

114 3625 143 3678 δι
158 3617 223 3678 inde
239 3613 349 3700 phrasis⁴
358 3613 390 3676 fit
404 3613 478 3676 cleta
493 3619 520 3684 oc
533 3611 632 3675 nitido.

781 3667 940 3810 Ooij=
