2750 4742
268 338 831 459 nucutunnut
965 410 1009 481 ῃ

102 526 195 629 quod
217 526 457 601 Lacedaemone
482 533 518 599 &
549 526 689 627 egregiis
716 526 834 601 nostris
861 526 1016 603 facinori·

104 651 159 723 bus
174 648 320 750 dignum
330 646 441 723 fuerit.
462 648 553 721 Nam
568 648 610 723 de
623 648 722 724 rebus
733 637 853 725 iisdem
863 676 934 723 uon
952 676 1014 724 eo·

107 772 182 846 dem
197 768 301 845 modo
317 766 473 845 omnibus
489 769 743 845 deliberandum
759 773 827 857 est,
844 770 902 846 sed
916 794 1015 873 prout

105 893 226 993 quique
241 891 335 977 suam
356 892 493 969 vivendi
508 892 671 967 rationem
689 892 731 967 ab
752 892 848 968 initio
864 892 1014 967 institue·

106 1038 188 1087 tunt.
208 1013 401 1115 Epidaurios
412 1014 1014 1117 quidem&Phliasros&Corinthios

106 1159 203 1207 nemo
219 1134 484 1235 reprehenderit,
497 1134 521 1208 st
535 1135 577 1210 de
591 1136 679 1209 nulld
692 1136 753 1209 alid
763 1163 799 1210 re
809 1136 942 1211 solliciti
952 1134 1016 1208 smt
1114 1220 1118 1227 ‚

107 1254 160 1327 nifi
176 1254 218 1328 de
232 1254 299 1329 vitl
313 1254 537 1331 conservandd
556 1266 593 1330 &
612 1255 833 1358 propagandi.
859 1255 1014 1329 Lacedae·

109 1377 226 1449 moniis
245 1401 356 1451 autem
370 1404 440 1450 non
455 1375 503 1449 fas
523 1378 568 1449 est
588 1401 801 1475 quocumque
815 1373 920 1449 modo
933 1372 1017 1446 salu-

107 1521 173 1573 tem
188 1524 349 1597 querere3
369 1498 485 1574 verium
504 1496 526 1571 li
541 1498 613 1571 fieri
631 1524 700 1569 non
713 1496 810 1598 poffit
822 1520 859 1569 ut
869 1523 946 1569 cum
956 1494 1017 1567 ho-

107 1622 227 1693 nestate
244 1620 431 1707 servemur,
449 1647 539 1695 mors
558 1618 655 1695 nobis
673 1618 826 1721 eligenda
845 1620 901 1691 eu
927 1617 1019 1692 Nam

109 1742 163 1841 qui
175 1743 330 1819 virtutem
340 1742 470 1845 profelli
482 1742 557 1829 sunt
564 1797 576 1829 ,
591 1743 630 1816 iis
640 1741 725 1815 nihil
731 1767 824 1841 aeque
835 1738 1024 1841 provideri·

109 1862 186 1936 dum
205 1866 249 1938 est
267 1865 368 1964 qulm
386 1892 428 1939 ne
449 1864 531 1965 quid
547 1888 640 1967 turpe
657 1862 816 1937 admififfe
834 1861 1018 1937 videantur.

111 1980 291 2058 Civitatum
302 1982 402 2087 pond
414 1984 545 2087 ignavia
557 1984 575 2059 ὲ
589 1978 706 2060 tilibus
720 1982 861 2057 confiliis
872 2006 942 2055 non
955 1980 1020 2055 mi·

43 2104 45 2108 ’
113 2107 169 2180 ntis
184 2108 288 2183 elucet
308 2109 409 2209 qulm
426 2108 609 2210 &periculis
623 2108 759 2182 bellicis.
785 2104 827 2179 ln
844 2104 908 2178 illis
926 2102 1019 2178 enim

20 2250 21 2253 ’
77 2315 84 2323 ἱ
116 2254 221 2301 eorum
245 2257 318 2329 quae
341 2230 426 2303 fiunt
447 2229 627 2302 maximam
649 2252 777 2329 purtem
801 2224 861 2299 nbi
884 2222 1018 2331 fortuna
1113 2285 1117 2292 .

116 2348 278 2423 vendicat:
294 2379 366 2451 quae
378 2354 456 2425 vetit
469 2352 523 2423 hic
536 2349 776 2435 deliberantur,
788 2346 935 2449 ipsorum
947 2344 1020 2419 ani-

114 2491 239 2543 morum
253 2498 342 2545 certa
357 2468 419 2547 elle
438 2472 561 2546 indicia
578 2473 729 2547 dixerim.
752 2475 866 2570 Itaque
878 2467 1019 2543 civitatis

20 2645 23 2675 ,
113 2590 317 2667 consiliorum
339 2618 409 2665 non
433 2593 546 2665 minor
568 2592 789 2677 habendaest
812 2587 898 2665 tatio
917 2586 1022 2687 quim
1073 2642 1076 2647 .

114 2710 186 2786 belli
203 2714 434 2788 certaminum.
490 2716 494 2723 ’

156 2916 434 3016 Equidemmitor
444 2915 508 2992 effe
517 2894 709 3019 qui,quum
718 2916 762 2991 ad
771 2915 915 3019 privatos
926 2940 1022 3015 agtus

116 3037 249 3112 tuendos
263 3038 351 3111 moti
365 3065 434 3113 non
448 3037 624 3125 dubitent,
647 3038 689 3113 de
705 3024 938 3113 cummunibus
951 3062 1022 3108 non
1079 3028 1083 3035 ’
1097 3104 1103 3111 .

116 3158 229 3233 eodem
246 3158 352 3232 mudo
369 3157 532 3265 sentiant:
549 3186 611 3263 pro
623 3158 744 3261 'quibus
758 3153 849 3231 nihil
870 3158 942 3229 tion
954 3150 1023 3257 peti

115 3306 239 3377 equum
254 3304 324 3353 erat
334 3280 353 3366 ,‘
363 3286 399 3354 δι
412 3307 481 3353 non
497 3282 705 3355 committere
720 3305 758 3354 ut
772 3276 953 3381 respublica
961 3276 1024 3351 ali-
1069 3346 1079 3359 ,

116 3400 202 3497 quud
217 3399 390 3505 susciperet
401 3401 561 3489 dedecus,
578 3425 634 3475 aut
649 3400 835 3504 ptaefidium
848 3399 895 3475 iu
909 3413 983 3499 quo'
1001 3393 1021 3469 l
