2750 4742
277 413 834 493 Aucnronnuo
965 443 1009 512 η

86 556 202 632 satum
227 585 270 633 ex
284 562 448 648 Hercule,
473 571 509 637 δι
530 561 651 638 ducem
669 562 730 638 fibi
745 562 882 638 fanum.
903 563 1012 663 Cujus

58 717 62 722 ·
88 679 215 768 liberi,
238 683 344 756 vitato
369 683 539 785 periculo,
557 684 718 787 supplices
738 687 816 762 huic
836 687 911 762 urbi
930 685 1012 762 saffi

89 800 195 888 sunt,
218 804 382 905 vobisque
400 805 518 882 traditi
530 808 668 910 regione
685 811 851 910 petierunt
863 833 899 884 ut
911 810 1012 912 patris

89 948 217 998 necem
229 925 478 1003 ulcisceremini.
492 931 565 1005 Vos
576 930 691 1032 igitur,
702 931 853 1008 consulto
859 931 1011 1020 oraculo,

90 1045 169 1142 jussi
185 1047 380 1148 &accipere
393 1076 464 1150 qua
476 1050 694 1141 offerrentur,
713 1064 750 1130 &
761 1054 885 1130 affectis
895 1051 1014 1154 injurii

92 1167 336 1266 opemferre,
360 1173 543 1274 expugnati
569 1174 650 1248 urbe
672 1175 944 1264 Mefficniorutn,
971 1173 1014 1250 fic

93 1285 236 1367 illorum
247 1295 419 1396 regionem
431 1295 651 1396 acquisivistis.

297 1700 823 1782 Courrnunrto.

149 1921 179 1990 1.
206 1917 259 1992 Ac
279 1918 322 1991 de
340 1919 452 2019 primo
473 1919 611 2020 quidem
627 1926 735 1997 vestro
756 1932 849 2024 jure,
867 1923 925 1997 etsi
945 1951 1016 2000 non

101 2043 251 2116 accurate
265 2039 398 2116 differui
414 2049 547 2144 (neque
562 2045 654 2120 enim
668 2069 796 2147 tempus
809 2045 947 2147 ptaesens
960 2075 1017 2148 pa·

101 2165 184 2237 titur
208 2164 355 2264 antiquas
378 2163 502 2240 fabulas
527 2193 677 2243 enarrate
689 2220 700 2253 ,
730 2167 787 2242 sed
809 2165 934 2243 neceffe
954 2165 1018 2242 fuit

102 2285 257 2358 brevitati
285 2283 395 2386 potitis
421 2287 523 2388 quim
552 2287 773 2390 perspicuitati
799 2287 1018 2384 consulere);

100 2429 251 2479 attamen
265 2407 367 2481 etiam
379 2435 418 2482 ex
429 2407 480 2481 his
494 2407 706 2484 manifestum
720 2407 951 2486 omnibuseffe
963 2437 1018 2482 at-

100 2527 237 2614 bitror‚
262 2555 333 2600 non
358 2528 457 2602 aliam
478 2527 572 2602 fuifle
593 2530 759 2606 rationem
779 2540 849 2631 ejus
876 2530 1020 2633 regionis

101 2648 312 2748 acquirendae
325 2677 427 2749 quam
437 2653 581 2724 nostram
593 2649 657 2725 effe
666 2651 868 2726 confitentur
881 2677 1019 2738 omnes,

102 2769 208 2869 quam
232 2768 462 2844 controversa.
494 2771 591 2843 Hanc
615 2770 709 2844 enim
730 2771 893 2858 colimus,
918 2771 1021 2846 &ab

102 2891 257 2966 Herculis
279 2891 465 2992 posteritate
488 2891 626 2978 datam,
650 2900 687 2966 &
703 2891 871 2994 Delphico
887 2892 1021 2967 oraculo

104 3013 359 3099 confirmatam,
377 3022 413 3088 δι
424 3014 541 3087 incolis
554 3021 622 3116 eJus
632 3012 723 3087 bello
736 3011 903 3114 superatio.
925 3013 1022 3086 lllam

104 3138 187 3209 veto
203 3135 245 3208 ab
260 3134 401 3221 iisdem,
421 3135 608 3238 eodemque
619 3133 725 3209 modo
743 3135 949 3235 accepimus,
965 3131 1024 3206 iis-

104 3257 255 3357 demque
267 3235 315 3330 υἷι
329 3257 501 3334 vaticiniis.
524 3258 629 3351 Quod
649 3257 673 3331 ἷι
693 3257 759 3330 hoc
781 3256 892 3330 sumus
907 3257 1023 3329 animo

103 3403 142 3451 ut
164 3377 257 3450 nulla
274 3379 311 3450 in
331 3403 366 3450 re
386 3377 451 3452 istit
466 3405 709 3482 repugnemus,
731 3376 856 3452 etiamfi
874 3379 1025 3476 Spartam

104 3497 259 3573 deserere
272 3524 334 3570 nos
345 3496 509 3598 jusserint,
525 3499 802 3600 supervacaneum
815 3498 861 3570 est
871 3494 913 3567 de
926 3495 1025 3568 Mes-

103 3618 188 3704 seni
210 3617 369 3692 laborate.
403 3618 461 3691 Sin
483 3645 585 3692 nemo
604 3617 748 3693 vesttitm
768 3618 814 3690 est
838 3615 898 3715 qui
922 3616 1026 3717 patrii

105 3738 270 3841 spoliatus
284 3737 395 3815 vivere
408 3736 562 3816 sustineat
571 3791 584 3828 ‚
602 3765 674 3817 nou
692 3737 786 3816 aliter
798 3735 900 3812 etiam
913 3737 956 3812 de
970 3735 1025 3811 illa
