2750 4742
273 335 798 468 unuanurnnicur.
914 336 1064 488 '475'
1204 388 1220 412 ‘
1342 364 1343 371 Ν

101 533 264 639 insolenter
281 537 445 636 quidquid
461 537 567 610 menti
583 536 725 610 obvium
744 535 864 620 fiterit,
885 534 993 607 effun-

101 647 182 726 dunt
191 657 293 754 Atqui
303 683 341 734 ea
349 656 449 730 video
457 655 994 756 quaedicunturperdigreffionem

102 801 162 846 non
178 777 298 850 laudati
314 777 439 862 solere,
456 776 513 850 sed
531 778 708 878 vituperari
725 801 763 850 ut
784 777 994 869 turbulenta3

102 894 215 968 &etim
232 897 353 970 multos
367 896 431 970 effe
454 897 514 996 qui
530 897 588 972 ista
610 899 800 998 importune
820 895 996 995 usurpent,

102 1015 163 1090 uim
173 1017 393 1118 multoplures
407 1019 465 1117 qui
478 1019 729 1119 reprehendant.
751 1021 864 1111 Quare
879 1043 996 1091 vereor

101 1160 137 1210 ue
149 1136 228 1208 mihi
239 1139 339 1210 etiam
350 1139 414 1212 tale
424 1138 549 1237 aliquid
561 1139 703 1214 eveniat.
722 1138 852 1214 Verum
864 1135 998 1209 decrevi

102 1283 190 1355 opem
217 1259 266 1332 illi
294 1258 379 1348 ferre
395 1261 452 1334 ¹cui
482 1259 574 1333 idem
593 1258 689 1359 quod
711 1259 796 1333 mihi
821 1267 857 1332 δι
884 1257 998 1332 multis

103 1377 164 1450 aliis
180 1379 318 1464 accidit,
343 1404 379 1455 ut
399 1380 437 1454 ei
455 1379 658 1456 fraudaretur
671 1379 776 1482 glotii
786 1406 857 1478 quae
872 1376 997 1451 metitis

102 1505 161 1595 ejus
182 1497 388 1586 debebatur,
412 1509 448 1576 δι
469 1501 555 1598 qui,
581 1529 684 1600 quum
708 1500 773 1575 illis
793 1495 997 1598 temporibus

102 1617 215 1716 optime
233 1618 276 1692 de
291 1619 415 1692 Graecii
433 1619 567 1693 meritus
582 1618 703 1706 fuerit,
723 1618 834 1693 minus
847 1616 997 1691 laudatur
1055 1687 1060 1697 ,

103 1759 202 1812 tamen
214 1740 315 1840 quim
329 1741 387 1842 qui
400 1741 484 1814 nihil
499 1767 645 1842 unquam
659 1737 876 1816 memorabile
890 1734 996 1840 geffe-

103 1883 177 1934 runt.

143 2109 234 2202 Quid
256 2108 349 2184 enim
365 2110 397 2183 ei
416 2108 522 2216 defuit
541 2110 601 2208 qui
621 2131 751 2182 tannrm
773 2107 937 2180 honorem
959 2104 998 2176 srr

104 2228 227 2329 adeptus
240 2285 251 2315 ,
268 2257 359 2331 quo,
379 2231 401 2304 st
417 2258 533 2306 omnes
549 2232 584 2304 in
597 2256 704 2303 unum
718 2227 877 2330 congressi
890 2233 997 2324 majo·

44 2381 46 2392 =
102 2373 164 2421 rem
185 2377 356 2450 quaerant,
382 2380 591 2452 nequaquam
613 2351 676 2424 fint
690 2349 857 2423 inventuri
873 2353 886 2420 ἓ
904 2346 997 2421 Solus

103 2470 183 2542 enim
200 2471 299 2546 totius
318 2475 449 2547 Graeciae
464 2474 642 2574 imperator
662 2471 766 2546 faetus
787 2473 842 2544 est.
871 2467 997 2544 Utttim

102 2587 235 2665 deleetus
256 2591 355 2667 fuerit
376 2595 417 2667 ab
437 2592 619 2684 omnibus,
643 2620 685 2665 an
706 2617 780 2664 eam
801 2590 998 2692 dignitatem

101 2705 161 2806 ipse
184 2739 242 2812 per
267 2713 335 2787 sese
355 2714 621 2815 comparaverit,
645 2713 754 2786 dicere
780 2737 921 2811 nequeo.
951 2711 999 2782 At

101 2851 168 2902 utro
183 2831 288 2906 mo'do
312 2861 361 2908 res
380 2828 580 2938 contigerit,
601 2833 685 2908 nihil
700 2862 768 2936 quo
780 2857 909 2907 tantam
923 2831 998 2933 glo-

102 2947 177 3022 riam
190 2952 379 3054 superarent
394 2955 513 3053 reliqui
528 2954 606 3029 fecit
620 2957 665 3029 eis
679 2955 739 3056 qui
757 2955 824 3027 alio
840 2955 999 3056 quopiam

101 3055 197 3143 modo
206 3073 361 3146 honorati
368 3073 469 3148 fuere.
481 3077 576 3148 Hanc
586 3077 664 3149 veto
673 3056 859 3175 potentiam
867 3077 980 3145 metus
985 3125 1001 3160 ,

101 3189 176 3262 nulli
187 3194 329 3268 omnino
340 3197 528 3267 Graecarum
539 3196 670 3270 urbium
683 3193 838 3268 molestus
848 3191 931 3287 fuit3
941 3191 1001 3266 sed

101 3309 138 3382 ab
153 3311 189 3384 ei
203 3339 240 3405 re
251 3313 337 3387 adeo
348 3311 411 3388 fuir
427 3315 573 3400 alienus,
589 3338 627 3388 ut
639 3314 744 3389 etiam
754 3311 933 3386 nonnullos
943 3311 1002 3410 qui

102 3428 184 3503 bello
202 3443 238 3506 &
256 3435 361 3508 turbis
380 3443 416 3508 &
432 3429 545 3510 muitii
565 3435 635 3509 aliis
656 3433 753 3507 malis
772 3432 978 3534 agitabantur
988 3467 1005 3518 ,·

103 3549 159 3623 illis
167 3553 391 3630 incommodis
401 3555 597 3630 liberaverit.
610 3555 743 3648 Quibus
750 3555 836 3628 inter
846 3553 879 3627 se
888 3581 1004 3628 recon-

102 3673 277 3765 riliatist&
288 3678 443 3756 omnibus
452 3679 547 3754 rebus
558 3707 630 3783 que
641 3677 1004 3791 ostentationis&th
