2750 4742
248 372 524 449 uosmrots
558 370 865 448 rAqumo.
947 394 1015 465 41}

86 516 169 618 pulsi
183 520 324 619 patriai,
349 548 407 623 per
417 548 520 595 omne
536 544 664 623 tempus
680 520 807 597 bellum
821 545 935 623 gerere
946 544 1017 592 non

84 640 297 715 destiterunt
321 644 436 717 contri
460 644 681 719 domesticos:
705 646 861 747 Orpheus
885 665 1017 725 autem,

86 762 227 837 istarum
247 764 441 843 fabularum
454 792 548 841 autor
563 767 763 868 precipuus,
784 769 820 839 in
834 765 933 839 frusta
947 760 1018 835 dis·

43 944 44 949 ,
89 908 225 983 cerptus
242 884 388 961 interiit.

136 1006 289 1097 Quare,
313 1006 336 1079 st
358 1006 525 1108 sapimus,
547 1006 684 1081 istorum
705 1006 921 1081 deliramenta
947 1028 1019 1074 nou

89 1124 337 1215 imitabimur,
359 1136 477 1229 neque
488 1130 761 1214 committemus,
780 1154 886 1228 quum
905 1123 1020 1197 tuleri-

90 1272 165 1319 mus
183 1246 283 1348 leges
307 1276 351 1323 ne
374 1249 455 1325 alter
477 1250 571 1323 alteri
587 1248 784 1335 maledicat,
804 1272 841 1321 ut
857 1244 1022 1346 quidlibet

92 1366 134 1439 de
146 1366 214 1439 diis
229 1368 411 1444 effutiendi
420 1370 531 1443 omnis
543 1368 638 1442 detur
647 1368 802 1465 licentia3
815 1367 872 1442 sed
885 1364 1020 1441 cavebi-

93 1513 167 1559 mus
182 1487 325 1589 potitis,
340 1516 464 1588 eosque
480 1490 538 1589 qui
550 1489 628 1562 talia
639 1498 675 1563 &
687 1489 803 1564 dicunt
813 1498 848 1563 &
860 1487 1018 1577 credunt,

95 1608 215 1697 eadem
239 1610 434 1710 putabimus
450 1609 666 1711 delinquere.⁴
687 1614 757 1713 Ego
773 1612 858 1686 vero
880 1608 1022 1682 arbitror·
1080 1692 1084 1700 Ι

98 1754 167 1801 non
181 1730 288 1805 Deos
303 1731 454 1835 tantum,
467 1732 573 1807 sed&
587 1734 672 1807 filios
685 1735 858 1822 Deormn,
873 1731 913 1805 ab
924 1728 1021 1803 omni

98 1850 220 1926 scelere
236 1862 278 1959 &
294 1854 378 1959 ¹vitio
394 1852 541 1941 alienos,
561 1854 633 1929 crim
652 1856 740 1957 ipsos
756 1854 869 1928 naturai
885 1852 1019 1960 virtuter

100 1998 218 2046 omnes
238 1972 389 2046 habuisse
410 1974 539 2059 insrtas,
559 1977 631 2049 tum
648 1976 719 2049 aliis
737 1976 781 2049 ad
800 1972 1020 2054 honestissima

102 2098 136 2163 &
151 2093 395 2191 praeclariffima
409 2122 545 2195 quaeque
562 2095 667 2169 studia
682 2096 780 2169 duces
797 2103 833 2168 &
850 2093 1019 2193 magistros

102 2213 253 2288 extitisse.
283 2214 477 2289 Absurdum
502 2218 547 2289 est
573 2217 687 2302 enim,
710 2216 755 2301 st,
777 2242 881 2315 quum
905 2216 1019 2285 nostru

103 2330 226 2407 sobolis
253 2334 511 2437 prosperitatem
535 2337 597 2419 diis
623 2361 790 2437 acceptam
815 2334 1019 2417 referamur,

104 2457 328 2531 existimamus
343 2485 402 2532 eos
418 2457 509 2531 suam
522 2459 669 2560 ipsorum
678 2459 762 2531 nihil
775 2483 896 2529 curare.
913 2452 1019 2549 Quod

104 2575 127 2649 s1
148 2580 222 2677 quis
249 2579 399 2653 nostrsrm
422 2604 543 2653 naturae
564 2581 714 2653 humanae
737 2580 927 2652 constitutus
942 2574 1021 2650 esset

105 2701 326 2790 moderator,
351 2730 394 2777 ne
420 2702 561 2776 famulos
585 2701 724 2803 quidem
751 2701 825 2774 suos
850 2698 1021 2801 improbos

107 2822 169 2895 esse
185 2814 353 2926 pateretur
366 2856 376 2923 3
395 2835 431 2901 &
444 2826 519 2900 illos
535 2852 605 2897 non
622 2820 1023 2923 damnaremus,·s1geni³

109 2968 157 3018 tos
171 2974 212 3020 ex
226 2948 296 3023 sese
310 2949 394 3022 adeo
408 2975 524 3049 pravos
540 2956 575 3021 &
592 2935 713 3047 impios
728 2943 791 3018 esse
804 2944 964 3017 finetent!
987 2965 1023 3015 tu
1085 2962 1089 2969 '

109 3066 499 3166 quidem,'Polycrates,
523 3092 666 3168 reputas
688 3063 790 3138 etiam
810 3062 871 3136 tibi
891 3059 1022 3162 proruis

108 3186 258 3276 alienos',
270 3189 294 3262 s1
308 3216 339 3264 te
352 3192 507 3291 magistro
518 3213 668 3273 utantur,
680 3187 827 3287 optimos
838 3182 900 3257 esse
912 3181 1023 3255 reddi-

162 3398 207 3490 [l.
226 3402 279 3494 8⁵]
305 3418 391 3501 Vulg.
407 3410 595 3503 καΊηγορίας,
610 3414 676 3475 dedi
691 3408 870 3498 κακηγορίας
882 3413 960 3497 quod
973 3414 1021 3479 dat

117 3512 200 3573 etiam
214 3517 312 3577 Battie.
592 3578 594 3587 ,

135 3622 137 3631 '
162 3592 207 3685 [1.
235 3600 311 3691 ια]
337 3614 400 3671 Post
421 3605 467 3678 ric
491 3612 585 3674 addidi
608 3612 662 3683 τῆς
684 3610 847 3691 quoddam
869 3606 931 3669 ild.
953 3607 1019 3670 edit.
1087 3606 1098 3647 ³

117 3705 175 3769 Bas.
189 3711 268 3774 Med.
283 3718 311 3773 &
325 3712 422 3771 Battic.
