<?xml version="1.0" encoding="UTF-8"?>
<!DOCTYPE html PUBLIC "-//W3C//DTD XHTML 1.0 Transitional//EN"
    "http://www.w3.org/TR/xhtml1/DTD/xhtml1-transitional.dtd">
<html xmlns="http://www.w3.org/1999/xhtml" xml:lang="en" lang="en">
 <head>
  <title>
</title>
<meta http-equiv="Content-Type" content="text/html;charset=utf-8" />
  <meta name='ocr-system' content='tesseract 3.04.00' />
  <meta name='ocr-capabilities' content='ocr_page ocr_carea ocr_par ocr_line ocrx_word'/>
</head>
<body>
  <div class='ocr_page' id='page_1' title='image "./isocratisoperao01augegoog_0281.png"; bbox 0 0 2750 4742; ppageno 0'>
   <div class='ocr_carea' id='block_1_1' title="bbox 70 382 978 874">
    <p class='ocr_par' dir='ltr' id='par_1_1' title="bbox 70 382 978 874">
     <span class='ocr_line' id='line_1_1' title="bbox 127 382 972 491; baseline 0.005 -34"><span class='ocrx_word' id='word_1_1' title='bbox 127 486 131 491; x_wconf 12' lang='grc' dir='ltr'><strong>Α</strong></span> <span class='ocrx_word' id='word_1_2' title='bbox 221 382 304 456; x_wconf 83' lang='lat' dir='ltr'>DE</span> <span class='ocrx_word' id='word_1_3' title='bbox 342 382 506 457; x_wconf 80' lang='lat' dir='ltr'>PACE</span> <span class='ocrx_word' id='word_1_4' title='bbox 543 384 817 461; x_wconf 81' lang='lat' dir='ltr'>ORATIO.</span> <span class='ocrx_word' id='word_1_5' title='bbox 907 398 972 485; x_wconf 81' lang='lat'>265</span> 
     </span>
     <span class='ocr_line' id='line_1_2' title="bbox 70 524 978 637; baseline 0.013 -41"><span class='ocrx_word' id='word_1_6' title='bbox 70 524 235 626; x_wconf 68' lang='lat' dir='ltr'>profestos</span> <span class='ocrx_word' id='word_1_7' title='bbox 246 528 416 603; x_wconf 84' lang='lat' dir='ltr'>consulere</span> <span class='ocrx_word' id='word_1_8' title='bbox 428 532 538 631; x_wconf 73' lang='lat' dir='ltr'>potius</span> <span class='ocrx_word' id='word_1_9' title='bbox 549 534 651 631; x_wconf 72' lang='lat' dir='ltr'>quim</span> <span class='ocrx_word' id='word_1_10' title='bbox 663 538 764 635; x_wconf 86' lang='lat' dir='ltr'>pestes</span> <span class='ocrx_word' id='word_1_11' title='bbox 777 534 912 609; x_wconf 85' lang='lat' dir='ltr'>illorum</span> <span class='ocrx_word' id='word_1_12' title='bbox 922 564 978 637; x_wconf 83' lang='lat' dir='ltr'>ap-</span> 
     </span>
     <span class='ocr_line' id='line_1_3' title="bbox 70 649 978 757; baseline 0.004 -33"><span class='ocrx_word' id='word_1_13' title='bbox 70 649 197 747; x_wconf 81' lang='lat' dir='ltr'>pellari,</span> <span class='ocrx_word' id='word_1_14' title='bbox 217 661 254 725; x_wconf 88' lang='lat'>&amp;</span> <span class='ocrx_word' id='word_1_15' title='bbox 268 652 314 725; x_wconf 88' lang='lat' dir='ltr'>ob</span> <span class='ocrx_word' id='word_1_16' title='bbox 328 654 484 729; x_wconf 88' lang='lat' dir='ltr'>virtutem</span> <span class='ocrx_word' id='word_1_17' title='bbox 496 654 633 731; x_wconf 78' lang='lat' dir='ltr'>illustres</span> <span class='ocrx_word' id='word_1_18' title='bbox 645 655 751 733; x_wconf 63' lang='lat' dir='ltr'>fastos</span> <span class='ocrx_word' id='word_1_19' title='bbox 767 658 890 733; x_wconf 74' lang='lat' dir='ltr'>avitam</span> <span class='ocrx_word' id='word_1_20' title='bbox 904 656 978 757; x_wconf 85' lang='lat' dir='ltr'>glo·</span> 
     </span>
     <span class='ocr_line' id='line_1_4' title="bbox 72 770 362 874; baseline 0.028 -33"><span class='ocrx_word' id='word_1_21' title='bbox 72 770 146 845; x_wconf 79' lang='lat' dir='ltr'>tiam</span> <span class='ocrx_word' id='word_1_22' title='bbox 158 799 362 874; x_wconf 86' lang='lat' dir='ltr'>recuperare.</span> 
     </span>
    </p>
   </div>
   <div class='ocr_carea' id='block_1_2' title="bbox 292 970 748 1068">
    <p class='ocr_par' dir='ltr' id='par_1_2' title="bbox 292 970 748 1068">
     <span class='ocr_line' id='line_1_5' title="bbox 292 970 748 1068; baseline 0.004 -27"><span class='ocrx_word' id='word_1_23' title='bbox 292 970 456 1068; x_wconf 84' lang='lat' dir='ltr'>Conclufio</span> <span class='ocrx_word' id='word_1_24' title='bbox 471 975 567 1043; x_wconf 83' lang='lat' dir='ltr'>totius</span> <span class='ocrx_word' id='word_1_25' title='bbox 580 976 748 1045; x_wconf 83' lang='lat' dir='ltr'>orationis.</span> 
     </span>
    </p>
   </div>
   <div class='ocr_carea' id='block_1_3' title="bbox 30 1176 1057 3093">
    <p class='ocr_par' dir='ltr' id='par_1_3' title="bbox 30 1176 1057 3093">
     <span class='ocr_line' id='line_1_6' title="bbox 110 1176 977 1281; baseline 0.012 -36"><span class='ocrx_word' id='word_1_26' title='bbox 110 1176 211 1248; x_wconf 89' lang='lat' dir='ltr'>Nunc</span> <span class='ocrx_word' id='word_1_27' title='bbox 224 1176 262 1250; x_wconf 90' lang='lat' dir='ltr'>id</span> <span class='ocrx_word' id='word_1_28' title='bbox 274 1178 384 1252; x_wconf 82' lang='lat' dir='ltr'>dicam</span> <span class='ocrx_word' id='word_1_29' title='bbox 398 1181 491 1279; x_wconf 90' lang='lat' dir='ltr'>quod</span> <span class='ocrx_word' id='word_1_30' title='bbox 503 1182 657 1254; x_wconf 88' lang='lat' dir='ltr'>omnium</span> <span class='ocrx_word' id='word_1_31' title='bbox 668 1204 764 1281; x_wconf 90' lang='lat' dir='ltr'>caput</span> <span class='ocrx_word' id='word_1_32' title='bbox 777 1184 844 1265; x_wconf 89' lang='lat' dir='ltr'>est,</span> <span class='ocrx_word' id='word_1_33' title='bbox 858 1183 927 1281; x_wconf 76' lang='lat' dir='ltr'>qui&gt;</span> <span class='ocrx_word' id='word_1_34' title='bbox 941 1191 977 1257; x_wconf 88' lang='lat'>&amp;</span> 
     </span>
     <span class='ocr_line' id='line_1_7' title="bbox 75 1296 978 1401; baseline 0.011 -36"><span class='ocrx_word' id='word_1_35' title='bbox 75 1296 178 1368; x_wconf 86' lang='lat' dir='ltr'>omnia</span> <span class='ocrx_word' id='word_1_36' title='bbox 198 1298 356 1397; x_wconf 63' lang='lat' dir='ltr'>praedirh</span> <span class='ocrx_word' id='word_1_37' title='bbox 375 1301 538 1386; x_wconf 86' lang='lat' dir='ltr'>tendunt,</span> <span class='ocrx_word' id='word_1_38' title='bbox 561 1312 597 1375; x_wconf 90' lang='lat'>&amp;</span> <span class='ocrx_word' id='word_1_39' title='bbox 620 1303 657 1374; x_wconf 89' lang='lat' dir='ltr'>in</span> <span class='ocrx_word' id='word_1_40' title='bbox 679 1302 773 1401; x_wconf 91' lang='lat' dir='ltr'>quod</span> <span class='ocrx_word' id='word_1_41' title='bbox 789 1303 978 1387; x_wconf 84' lang='lat' dir='ltr'>intuentes,</span> 
     </span>
     <span class='ocr_line' id='line_1_8' title="bbox 76 1420 979 1515; baseline 0.012 -30"><span class='ocrx_word' id='word_1_42' title='bbox 76 1442 283 1515; x_wconf 81' lang='lat' dir='ltr'>quaecunrqne</span> <span class='ocrx_word' id='word_1_43' title='bbox 300 1420 320 1491; x_wconf 73' lang='lat' dir='ltr'>i</span> <span class='ocrx_word' id='word_1_44' title='bbox 333 1421 465 1495; x_wconf 84' lang='lat' dir='ltr'>civitate</span> <span class='ocrx_word' id='word_1_45' title='bbox 483 1422 591 1495; x_wconf 69' lang='lat' dir='ltr'>nostri</span> <span class='ocrx_word' id='word_1_46' title='bbox 605 1422 690 1495; x_wconf 87' lang='lat' dir='ltr'>fiunt</span> <span class='ocrx_word' id='word_1_47' title='bbox 705 1422 860 1495; x_wconf 72' lang='lat' dir='ltr'>estimare</span> <span class='ocrx_word' id='word_1_48' title='bbox 875 1422 979 1497; x_wconf 85' lang='lat' dir='ltr'>debe·</span> 
     </span>
     <span class='ocr_line' id='line_1_9' title="bbox 77 1538 979 1641; baseline 0.011 -36"><span class='ocrx_word' id='word_1_49' title='bbox 77 1562 148 1607; x_wconf 86' lang='lat' dir='ltr'>mus.</span> <span class='ocrx_word' id='word_1_50' title='bbox 168 1538 262 1611; x_wconf 84' lang='lat' dir='ltr'>Nam</span> <span class='ocrx_word' id='word_1_51' title='bbox 277 1539 302 1614; x_wconf 88' lang='lat' dir='ltr'>s1</span> <span class='ocrx_word' id='word_1_52' title='bbox 320 1542 468 1640; x_wconf 87' lang='lat' dir='ltr'>cupimus</span> <span class='ocrx_word' id='word_1_53' title='bbox 484 1542 661 1615; x_wconf 64' lang='lat' dir='ltr'>maledieta</span> <span class='ocrx_word' id='word_1_54' title='bbox 679 1542 796 1641; x_wconf 76' lang='lat' dir='ltr'>q&#39;uibus</span> <span class='ocrx_word' id='word_1_55' title='bbox 806 1567 902 1627; x_wconf 81' lang='lat' dir='ltr'>¹nunc</span> <span class='ocrx_word' id='word_1_56' title='bbox 919 1570 979 1641; x_wconf 80' lang='lat' dir='ltr'>pe-</span> 
     </span>
     <span class='ocr_line' id='line_1_10' title="bbox 78 1660 981 1763; baseline 0.009 -37"><span class='ocrx_word' id='word_1_57' title='bbox 78 1660 169 1743; x_wconf 77' lang='lat' dir='ltr'>timur</span> <span class='ocrx_word' id='word_1_58' title='bbox 178 1662 397 1762; x_wconf 83' lang='lat' dir='ltr'>extinguere,</span> <span class='ocrx_word' id='word_1_59' title='bbox 419 1663 437 1735; x_wconf 76' lang='lat' dir='ltr'>ri</span> <span class='ocrx_word' id='word_1_60' title='bbox 453 1663 547 1737; x_wconf 91' lang='lat' dir='ltr'>bellis</span> <span class='ocrx_word' id='word_1_61' title='bbox 562 1664 732 1737; x_wconf 69' lang='lat' dir='ltr'>temerarie</span> <span class='ocrx_word' id='word_1_62' title='bbox 744 1663 897 1763; x_wconf 82' lang='lat' dir='ltr'><strong>susceptis</strong></span> <span class='ocrx_word' id='word_1_63' title='bbox 910 1662 981 1735; x_wconf 84' lang='lat' dir='ltr'>ces-</span> 
     </span>
     <span class='ocr_line' id='line_1_11' title="bbox 80 1776 980 1885; baseline 0.011 -38"><span class='ocrx_word' id='word_1_64' title='bbox 80 1776 157 1863; x_wconf 86' lang='lat' dir='ltr'>sare,</span> <span class='ocrx_word' id='word_1_65' title='bbox 176 1782 467 1881; x_wconf 80' lang='lat' dir='ltr'>principatumque</span> <span class='ocrx_word' id='word_1_66' title='bbox 486 1785 523 1855; x_wconf 90' lang='lat' dir='ltr'>in</span> <span class='ocrx_word' id='word_1_67' title='bbox 534 1810 636 1857; x_wconf 87' lang='lat' dir='ltr'>omne</span> <span class='ocrx_word' id='word_1_68' title='bbox 651 1809 779 1885; x_wconf 81' lang='lat' dir='ltr'>tempus</span> <span class='ocrx_word' id='word_1_69' title='bbox 795 1783 980 1884; x_wconf 86' lang='lat' dir='ltr'>poffidere,</span> 
     </span>
     <span class='ocr_line' id='line_1_12' title="bbox 81 1900 982 2007; baseline 0.009 -38"><span class='ocrx_word' id='word_1_70' title='bbox 81 1900 158 1971; x_wconf 79' lang='lat' dir='ltr'>nulla</span> <span class='ocrx_word' id='word_1_71' title='bbox 178 1902 280 1975; x_wconf 90' lang='lat' dir='ltr'>nobis</span> <span class='ocrx_word' id='word_1_72' title='bbox 299 1906 467 1999; x_wconf 85' lang='lat' dir='ltr'>tyrannica</span> <span class='ocrx_word' id='word_1_73' title='bbox 487 1907 650 2007; x_wconf 84' lang='lat' dir='ltr'>imperia,</span> <span class='ocrx_word' id='word_1_74' title='bbox 677 1903 773 1979; x_wconf 87' lang='lat' dir='ltr'>nullae</span> <span class='ocrx_word' id='word_1_75' title='bbox 792 1904 982 1979; x_wconf 65' lang='lat' dir='ltr'>affectandae</span> 
     </span>
     <span class='ocr_line' id='line_1_13' title="bbox 82 2018 983 2122; baseline 0.009 -33"><span class='ocrx_word' id='word_1_76' title='bbox 82 2018 145 2092; x_wconf 85' lang='lat' dir='ltr'>sunt</span> <span class='ocrx_word' id='word_1_77' title='bbox 164 2026 341 2122; x_wconf 86' lang='lat' dir='ltr'>potestates</span> <span class='ocrx_word' id='word_1_78' title='bbox 361 2077 372 2108; x_wconf 89' lang='lat'>‚</span> <span class='ocrx_word' id='word_1_79' title='bbox 402 2051 518 2098; x_wconf 86' lang='lat' dir='ltr'>eorum</span> <span class='ocrx_word' id='word_1_80' title='bbox 538 2052 701 2098; x_wconf 87' lang='lat' dir='ltr'>memores</span> <span class='ocrx_word' id='word_1_81' title='bbox 723 2024 983 2097; x_wconf 85' lang='lat' dir='ltr'>infortuniorum</span> 
     </span>
     <span class='ocr_line' id='line_1_14' title="bbox 84 2143 982 2237; baseline 0.002 -24"><span class='ocrx_word' id='word_1_82' title='bbox 84 2168 143 2237; x_wconf 80' lang='lat' dir='ltr'>quae</span> <span class='ocrx_word' id='word_1_83' title='bbox 165 2143 248 2215; x_wconf 73' lang='lat' dir='ltr'>inde</span> <span class='ocrx_word' id='word_1_84' title='bbox 270 2145 443 2233; x_wconf 75' lang='lat' dir='ltr'>oriuntur:</span> <span class='ocrx_word' id='word_1_85' title='bbox 469 2145 623 2219; x_wconf 85' lang='lat' dir='ltr'>imitandi</span> <span class='ocrx_word' id='word_1_86' title='bbox 647 2149 727 2219; x_wconf 76' lang='lat' dir='ltr'>veto</span> <span class='ocrx_word' id='word_1_87' title='bbox 747 2155 782 2219; x_wconf 90' lang='lat'>&amp;</span> <span class='ocrx_word' id='word_1_88' title='bbox 805 2144 982 2219; x_wconf 86' lang='lat' dir='ltr'>aernulandi</span> 
     </span>
     <span class='ocr_line' id='line_1_15' title="bbox 84 2252 1047 2367; baseline 0.016 -38"><span class='ocrx_word' id='word_1_89' title='bbox 84 2259 147 2333; x_wconf 86' lang='lat' dir='ltr'>sunt</span> <span class='ocrx_word' id='word_1_90' title='bbox 158 2252 310 2364; x_wconf 73' lang='lat' dir='ltr'>Spartuni</span> <span class='ocrx_word' id='word_1_91' title='bbox 323 2293 435 2367; x_wconf 80' lang='lat' dir='ltr'>reges3</span> <span class='ocrx_word' id='word_1_92' title='bbox 451 2268 568 2366; x_wconf 88' lang='lat' dir='ltr'>quibus</span> <span class='ocrx_word' id='word_1_93' title='bbox 583 2269 694 2340; x_wconf 91' lang='lat' dir='ltr'>minor</span> <span class='ocrx_word' id='word_1_94' title='bbox 707 2270 752 2341; x_wconf 91' lang='lat' dir='ltr'>est</span> <span class='ocrx_word' id='word_1_95' title='bbox 767 2266 985 2365; x_wconf 86' lang='lat' dir='ltr'>delinquendi</span> <span class='ocrx_word' id='word_1_96' title='bbox 1044 2338 1047 2344; x_wconf 91' lang='grc'><em>,</em></span> 
     </span>
     <span class='ocr_line' id='line_1_16' title="bbox 85 2388 985 2489; baseline 0.006 -34"><span class='ocrx_word' id='word_1_97' title='bbox 85 2389 212 2479; x_wconf 84' lang='lat' dir='ltr'>potestas</span> <span class='ocrx_word' id='word_1_98' title='bbox 236 2388 338 2487; x_wconf 71' lang='lat' dir='ltr'>quim</span> <span class='ocrx_word' id='word_1_99' title='bbox 362 2390 552 2462; x_wconf 87' lang='lat' dir='ltr'>hominibus</span> <span class='ocrx_word' id='word_1_100' title='bbox 573 2390 716 2489; x_wconf 86' lang='lat' dir='ltr'>privatis.</span> <span class='ocrx_word' id='word_1_101' title='bbox 745 2390 858 2461; x_wconf 76' lang='lat' dir='ltr'>Tanti)</span> <span class='ocrx_word' id='word_1_102' title='bbox 873 2394 985 2461; x_wconf 84' lang='lat' dir='ltr'>autem</span> 
     </span>
     <span class='ocr_line' id='line_1_17' title="bbox 30 2498 986 2609; baseline 0.006 -36"><span class='ocrx_word' id='word_1_103' title='bbox 30 2585 31 2588; x_wconf 8' lang='grc' dir='ltr'><strong>Ἴ</strong></span> <span class='ocrx_word' id='word_1_104' title='bbox 87 2498 238 2580; x_wconf 69' lang='lat' dir='ltr'>feliciores</span> <span class='ocrx_word' id='word_1_105' title='bbox 254 2508 330 2582; x_wconf 87' lang='lat' dir='ltr'>sunt</span> <span class='ocrx_word' id='word_1_106' title='bbox 344 2510 384 2583; x_wconf 88' lang='lat' dir='ltr'>iis</span> <span class='ocrx_word' id='word_1_107' title='bbox 396 2512 460 2609; x_wconf 81' lang='lat' dir='ltr'>¹qui</span> <span class='ocrx_word' id='word_1_108' title='bbox 474 2511 509 2583; x_wconf 89' lang='lat' dir='ltr'>vi</span> <span class='ocrx_word' id='word_1_109' title='bbox 525 2508 712 2605; x_wconf 74' lang='lat' dir='ltr'>tyrannides</span> <span class='ocrx_word' id='word_1_110' title='bbox 725 2533 858 2593; x_wconf 87' lang='lat' dir='ltr'>tenent,</span> <span class='ocrx_word' id='word_1_111' title='bbox 874 2533 910 2581; x_wconf 91' lang='lat' dir='ltr'>ut</span> <span class='ocrx_word' id='word_1_112' title='bbox 923 2510 986 2579; x_wconf 92' lang='lat' dir='ltr'>ho-</span> 
     </span>
     <span class='ocr_line' id='line_1_18' title="bbox 87 2628 986 2730; baseline 0.002 -31"><span class='ocrx_word' id='word_1_113' title='bbox 87 2630 299 2727; x_wconf 83' lang='lat' dir='ltr'>rumquidem</span> <span class='ocrx_word' id='word_1_114' title='bbox 311 2630 574 2706; x_wconf 71' lang='lat' dir='ltr'>interfe&amp;oribus</span> <span class='ocrx_word' id='word_1_115' title='bbox 584 2631 726 2703; x_wconf 85' lang='lat' dir='ltr'>maxima</span> <span class='ocrx_word' id='word_1_116' title='bbox 737 2628 986 2730; x_wconf 84' lang='lat' dir='ltr'>praemiapubli-</span> 
     </span>
     <span class='ocr_line' id='line_1_19' title="bbox 89 2746 1057 2853; baseline 0.01 -38"><span class='ocrx_word' id='word_1_117' title='bbox 89 2746 383 2848; x_wconf 72' lang='lat' dir='ltr'>cifintconstitut23</span> <span class='ocrx_word' id='word_1_118' title='bbox 395 2749 985 2853; x_wconf 73' lang='lat' dir='ltr'>proillisvetooccumbereinpraeliis</span> <span class='ocrx_word' id='word_1_119' title='bbox 1052 2749 1057 2756; x_wconf 65' lang='grc'><strong>’</strong></span> 
     </span>
     <span class='ocr_line' id='line_1_20' title="bbox 90 2868 987 2970; baseline 0.006 -32"><span class='ocrx_word' id='word_1_120' title='bbox 90 2868 138 2962; x_wconf 91' lang='lat' dir='ltr'>qui</span> <span class='ocrx_word' id='word_1_121' title='bbox 147 2868 317 2955; x_wconf 80' lang='lat' dir='ltr'>dubitant,</span> <span class='ocrx_word' id='word_1_122' title='bbox 331 2870 615 2970; x_wconf 85' lang='lat' dir='ltr'>ignominiosrores</span> <span class='ocrx_word' id='word_1_123' title='bbox 626 2869 807 2943; x_wconf 84' lang='lat' dir='ltr'>habeantur</span> <span class='ocrx_word' id='word_1_124' title='bbox 817 2870 918 2968; x_wconf 74' lang='lat' dir='ltr'>quim</span> <span class='ocrx_word' id='word_1_125' title='bbox 928 2869 987 2969; x_wconf 91' lang='lat' dir='ltr'>qui</span> 
     </span>
     <span class='ocr_line' id='line_1_21' title="bbox 91 2985 984 3093; baseline 0.009 -36"><span class='ocrx_word' id='word_1_126' title='bbox 91 2985 291 3065; x_wconf 82' lang='lat' dir='ltr'>deseruerunt</span> <span class='ocrx_word' id='word_1_127' title='bbox 304 2991 456 3078; x_wconf 87' lang='lat' dir='ltr'>ordines,</span> <span class='ocrx_word' id='word_1_128' title='bbox 468 3016 523 3066; x_wconf 86' lang='lat' dir='ltr'>aut</span> <span class='ocrx_word' id='word_1_129' title='bbox 537 2992 666 3093; x_wconf 77' lang='lat' dir='ltr'>clypeos</span> <span class='ocrx_word' id='word_1_130' title='bbox 679 2993 879 3091; x_wconf 86' lang='lat' dir='ltr'>abjecerunt.</span> <span class='ocrx_word' id='word_1_131' title='bbox 891 2992 984 3065; x_wconf 75' lang='lat' dir='ltr'>Talis</span> 
     </span>
    </p>
   </div>
   <div class='ocr_carea' id='block_1_4' title="bbox 94 3300 985 3786">
    <p class='ocr_par' dir='ltr' id='par_1_4' title="bbox 94 3300 985 3688">
     <span class='ocr_line' id='line_1_22' title="bbox 94 3300 985 3396; baseline 0.002 -29"><span class='ocrx_word' id='word_1_132' title='bbox 94 3330 237 3391; x_wconf 82' lang='lat' dir='ltr'>occupant,</span> <span class='ocrx_word' id='word_1_133' title='bbox 252 3312 368 3393; x_wconf 69' lang='lat' dir='ltr'>nonpe,</span> <span class='ocrx_word' id='word_1_134' title='bbox 384 3333 478 3396; x_wconf 78' lang='lat' dir='ltr'>reges,</span> <span class='ocrx_word' id='word_1_135' title='bbox 491 3312 529 3372; x_wconf 75' lang='lat' dir='ltr'>sd</span> <span class='ocrx_word' id='word_1_136' title='bbox 539 3317 610 3393; x_wconf 86' lang='lat' dir='ltr'>quos</span> <span class='ocrx_word' id='word_1_137' title='bbox 623 3311 740 3373; x_wconf 85' lang='lat' dir='ltr'>refertur</span> <span class='ocrx_word' id='word_1_138' title='bbox 753 3300 875 3379; x_wconf 74' lang='grc' dir='ltr'>ἔκύνοις.</span> <span class='ocrx_word' id='word_1_139' title='bbox 888 3316 985 3390; x_wconf 85' lang='lat' dir='ltr'>Itaque</span> 
     </span>
     <span class='ocr_line' id='line_1_23' title="bbox 94 3396 984 3489; baseline 0.002 -24"><span class='ocrx_word' id='word_1_140' title='bbox 94 3399 137 3469; x_wconf 79' lang='lat' dir='ltr'>rit</span> <span class='ocrx_word' id='word_1_141' title='bbox 148 3399 301 3480; x_wconf 72' lang='grc' dir='ltr'>βασιλύαν</span> <span class='ocrx_word' id='word_1_142' title='bbox 312 3408 358 3470; x_wconf 81' lang='lat' dir='ltr'>hic</span> <span class='ocrx_word' id='word_1_143' title='bbox 370 3411 445 3469; x_wconf 88' lang='lat' dir='ltr'>idem</span> <span class='ocrx_word' id='word_1_144' title='bbox 455 3413 492 3469; x_wconf 88' lang='lat' dir='ltr'>est</span> <span class='ocrx_word' id='word_1_145' title='bbox 505 3432 536 3470; x_wconf 84' lang='lat' dir='ltr'>ac</span> <span class='ocrx_word' id='word_1_146' title='bbox 546 3396 601 3478; x_wconf 71' lang='lat' dir='ltr'>‘tric</span> <span class='ocrx_word' id='word_1_147' title='bbox 610 3401 755 3483; x_wconf 69' lang='grc' dir='ltr'>βασιλῢς.</span> <span class='ocrx_word' id='word_1_148' title='bbox 767 3418 844 3471; x_wconf 83' lang='lat' dir='ltr'>Orat.</span> <span class='ocrx_word' id='word_1_149' title='bbox 853 3409 984 3489; x_wconf 83' lang='lat' dir='ltr'>deperm.</span> 
     </span>
     <span class='ocr_line' id='line_1_24' title="bbox 94 3497 655 3589; baseline 0.012 -27"><span class='ocrx_word' id='word_1_150' title='bbox 94 3497 225 3576; x_wconf 69' lang='lat' dir='ltr'>habetiuit</span> <span class='ocrx_word' id='word_1_151' title='bbox 238 3508 264 3569; x_wconf 76' lang='lat' dir='ltr'>it</span> <span class='ocrx_word' id='word_1_152' title='bbox 278 3498 477 3589; x_wconf 58' lang='lat' dir='ltr'>Aoertiaipnott</span> <span class='ocrx_word' id='word_1_153' title='bbox 489 3497 655 3581; x_wconf 68' lang='grc' dir='ltr'><strong><em>βασιλύας.</em></strong></span> 
     </span>
     <span class='ocr_line' id='line_1_25' title="bbox 106 3587 777 3688; baseline 0.009 -28"><span class='ocrx_word' id='word_1_154' title='bbox 106 3652 111 3660; x_wconf 87' lang='grc'>.</span> <span class='ocrx_word' id='word_1_155' title='bbox 137 3587 178 3677; x_wconf 88' lang='lat' dir='ltr'>[l.</span> <span class='ocrx_word' id='word_1_156' title='bbox 196 3593 268 3685; x_wconf 82' lang='lat'><em>16.]</em></span> <span class='ocrx_word' id='word_1_157' title='bbox 288 3612 369 3667; x_wconf 85' lang='lat' dir='ltr'>Orat.</span> <span class='ocrx_word' id='word_1_158' title='bbox 382 3606 416 3665; x_wconf 87' lang='lat' dir='ltr'>de</span> <span class='ocrx_word' id='word_1_159' title='bbox 428 3626 516 3688; x_wconf 82' lang='lat' dir='ltr'>perm.</span> <span class='ocrx_word' id='word_1_160' title='bbox 527 3596 777 3688; x_wconf 60' lang='grc' dir='ltr'>μακαριςόπΊοι.</span> 
     </span>
    </p>

    <p class='ocr_par' dir='ltr' id='par_1_5' title="bbox 136 3685 906 3786">
     <span class='ocr_line' id='line_1_26' title="bbox 136 3685 906 3786; baseline 0.001 -25"><span class='ocrx_word' id='word_1_161' title='bbox 136 3685 178 3777; x_wconf 92' lang='lat' dir='ltr'>[l.</span> <span class='ocrx_word' id='word_1_162' title='bbox 198 3691 275 3785; x_wconf 85' lang='lat'>19.]</span> <span class='ocrx_word' id='word_1_163' title='bbox 299 3710 381 3767; x_wconf 81' lang='lat' dir='ltr'>Orat.</span> <span class='ocrx_word' id='word_1_164' title='bbox 396 3704 431 3765; x_wconf 88' lang='lat' dir='ltr'>de</span> <span class='ocrx_word' id='word_1_165' title='bbox 447 3724 534 3786; x_wconf 88' lang='lat' dir='ltr'>perm.</span> <span class='ocrx_word' id='word_1_166' title='bbox 547 3696 770 3785; x_wconf 74' lang='grc' dir='ltr'>πολιἹιυομένων</span> <span class='ocrx_word' id='word_1_167' title='bbox 784 3698 906 3784; x_wconf 81' lang='lat' dir='ltr'>fimplex.</span> 
     </span>
    </p>
   </div>
   <div class='ocr_carea' id='block_1_5' title="bbox 0 0 1418 4742">
    <p class='ocr_par' dir='ltr' id='par_1_6' title="bbox 0 0 1418 4742">
     <span class='ocr_line' id='line_1_27' title="bbox 0 0 1418 4742; baseline 0 0"><span class='ocrx_word' id='word_1_168' title='bbox 0 0 1418 4742; x_wconf 95' lang='lat' dir='ltr'> </span> 
     </span>
    </p>
   </div>
  </div>
 </body>
</html>
