2750 4742
251 355 331 432 DE
369 353 533 435 PACE
572 353 843 429 ORATIO.
933 367 1016 449 κός·

106 496 240 599 injuriis,
255 526 295 573 ea
305 498 442 574 felicitas
452 500 549 575 nobis
560 500 793 602 imputabitur:
814 502 879 577 five
890 528 1005 603 aggre-

106 623 224 697 diantur
233 621 372 720 injurias
387 623 458 695 aliis
469 621 614 708 inferre,
631 624 739 723 quiin
752 646 845 697 metu
858 631 894 697 &
907 623 1004 695 malis

105 765 189 814 erunt
206 741 249 813 ad
266 769 329 815 nos
340 741 553 843 confugient,
567 752 602 816 &
620 741 780 844 supplices
796 743 926 817 alnobis
943 770 1004 817 au-

104 864 205 955 xilium
220 864 333 937 multis
344 865 494 965 precibus
507 889 630 966 petent.
649 867 762 959 Quare
774 891 843 937 non
856 863 1001 939 defuturi

102 982 167 1056 sunt
190 984 386 1082 quibuscum
413 982 643 1085 delinquentes
673 1012 909 1071 coerceamus,
942 984 1000 1061 sed

103 1102 209 1176 multos
222 1104 416 1183 habebimus
424 1106 489 1203 ¹qui
500 1132 560 1177 nos
570 1106 723 1206 prompt?
734 1105 900 1204 adjuvent.
914 1107 999 1199 Quae

104 1226 179 1299 enim
192 1227 333 1313 civitas,
353 1228 405 1300 vel
422 1228 495 1327 quis
513 1229 704 1301 mortalium
719 1231 863 1305 nostram
880 1226 997 1301 amici-

104 1348 169 1419 tiam
183 1356 218 1421 &
233 1348 424 1421 societatem
437 1375 508 1419 non
522 1348 620 1421 ducet
632 1348 874 1449 expetendam,
892 1376 997 1446 quum

102 1468 220 1542 eosdem
236 1469 373 1543 videant
389 1480 425 1547 &
444 1468 563 1570 insigni
579 1470 699 1569 justitia?
720 1480 754 1545 ὅ(
772 1470 914 1543 maxim?
930 1497 995 1570 po-

27 1623 28 1628 *
102 1590 186 1661 tertii
204 1590 356 1690 praeditos
366 1645 377 1677 ‚
394 1601 429 1667 &
450 1592 496 1665 ital
512 1616 641 1693 paratos
658 1615 696 1663 ut
715 1590 795 1663 alios
815 1590 941 1663 servare
959 1598 995 1663 δε

99 1712 203 1811 possint
216 1722 251 1785 &
264 1713 391 1798 velint,
411 1741 516 1813 quum
529 1711 588 1813 ipsr
605 1711 701 1784 nullis
716 1710 840 1785 auxiliis
855 1714 994 1811 egeant?

99 1834 219 1924 Quanta
235 1813 315 1906 verb
334 1834 539 1907 incrementa
561 1832 760 1935 sperandum
783 1835 828 1905 est
848 1834 993 1905 nostram

97 1953 248 2027 civitatem
265 1952 329 2026 effe
343 1954 558 2054 adepturam,
583 1950 640 2024 ubi
661 1952 802 2024 aliorum
824 1975 914 2024 tanta
930 1954 993 2023 erit

95 2075 159 2175 erg?
178 2102 239 2149 nos
260 2074 522 2149 benevolentia?
544 2076 693 2167 Quantas
715 2100 794 2173 opes
816 2074 851 2145 in
875 2074 991 2148 urbem

94 2197 309 2281 cordurum,
334 2222 437 2295 quum
461 2193 611 2268 universa
635 2192 762 2267 Graecia
782 2220 841 2295 pet
860 2192 991 2267 nosmet

92 2315 178 2387 firetit
199 2316 353 2390 servata?
378 2315 520 2412 Quantis
542 2315 687 2414 denique
707 2314 856 2386 laudibus
873 2340 991 2388 cumu-

91 2437 196 2511 landos
220 2462 272 2510 tot
298 2465 335 2540 ac
361 2461 531 2509 tantorum
552 2416 722 2509 bonorum
746 2441 898 2509 autores?
925 2436 989 2509 Sed

91 2584 146 2658 ego
159 2582 290 2660 propter
303 2581 433 2631 aetatem
446 2556 597 2650 oratione
606 2555 722 2628 omnia
731 2554 907 2655 compledli
916 2582 988 2629 non

89 2678 203 2777 possum
215 2706 287 2778 quae
300 2701 413 2750 mente
424 2674 608 2777 perspici03
626 2672 686 2745 nisr
695 2672 788 2771 qubd
799 2673 988 2774 preclarum

26 2783 27 2786 Ἴ
89 2798 138 2883 fit,
149 2800 181 2871 in
193 2800 335 2871 aliorum
345 2797 472 2897 injuriis
486 2804 522 2870 &
533 2795 676 2879 insanii,
689 2796 813 2895 primos
822 2794 864 2867 ad
874 2793 987 2869 sanam

88 2946 227 2994 mentem
251 2918 422 3005 reversos,
445 2921 637 2993 Graecorum
662 2917 817 2993 saluti&
841 2916 985 2993 libertati

131 3253 174 3347 [l.
192 3258 270 3351 12.]
294 3252 453 3361 Ᾰμφότερα
464 3315 476 3347 ,
492 3272 693 3335 adverbialiter,
704 3270 841 3347 sumitur,
862 3292 980 3353 utroque

88 3368 187 3436 modo,
204 3371 293 3432 simul.

132 3453 174 3540 [l.
191 3454 269 3549 η]
293 3453 353 3528 Aac?
371 3461 424 3549 ‘titt
446 3461 585 3541 albiriat,
605 3466 725 3526 diximus
746 3470 775 3525 in
793 3465 849 3527 fine
864 3465 979 3545 analyfis

90 3562 161 3643 hujus
184 3568 344 3640 orationis,
370 3563 520 3625 Isocratem
543 3564 739 3625 novemdecim
762 3562 980 3649 &septuaginta

90 3679 169 3723 annos
181 3660 258 3726 fuisse
271 3683 366 3729 uatum
382 3685 469 3748 quum
483 3660 706 3745 bancsctibctrt.

746 3764 836 3840 Riv
