2750 4742
271 369 827 483 Ancnrurnus
904 353 1018 506 ἠ

84 543 237 624 fodiam.
274 555 364 626 Nam
386 553 544 630 Hercules
571 553 679 628 bobus
700 581 785 654 quos
815 577 857 628 ex
882 554 1023 649 Erythed

83 666 278 768 abegerat,
294 674 313 744 d
329 673 439 748 Neleo
454 681 570 773 &ejus
585 674 680 758 filiis,
699 675 1018 774 Nestote'extepto‚

82 784 281 886 spoliatus,
301 821 407 892 quum
420 793 502 868 urbe
517 794 639 896 potitus
652 792 752 879 effet,
769 820 827 868 eos
844 794 983 894 quidem
997 794 1018 866 d

82 909 222 1006 quibus
243 912 379 987 affectus
403 938 472 988 erat
493 914 634 1013 injuria,
652 913 843 1000 interfecit,
867 915 1015 988 Nestoris

84 1053 215 1108 autem
228 1033 309 1108 fidei
324 1034 487 1136 oppidum
505 1035 693 1122 commifit,
715 1036 889 1110 cordatum
899 1036 1018 1111 homi·

85 1177 181 1226 nem
193 1153 259 1226 effe
272 1179 380 1240 ratus,
399 1156 512 1256 quod,
526 1156 584 1230 etfi
596 1179 675 1232 natu
686 1158 869 1248 minimus,
882 1156 1020 1232 fraterni

85 1272 216 1350 delicti
227 1274 333 1350 socius
343 1275 407 1350 effe
422 1276 583 1360 noluisset.

150 1655 1016 1758 Quumigitutoraculisententiahaeceffevideretun

89 1778 270 1880 affumptis
281 1781 392 1853 vestris
404 1781 604 1878 majoribus,
626 1779 834 1879 exercituque
846 1807 1017 1882 compara-

92 1922 156 1984 to,
172 1901 346 2000 regionem
356 1927 427 1998 quae
439 1925 508 1974 erat
519 1901 575 1974 sua
584 1901 671 1974 inter
680 1899 899 2001 expeditionis
909 1899 1015 1972 socios

93 2019 321 2098 dividendam
338 2023 426 2122 padi
446 2021 542 2107 sunt,
562 2021 581 2094 d
598 2021 718 2122 quibus
737 2033 774 2098 &
794 2022 853 2124 ipst
875 2049 1013 2124 regnum

94 2168 297 2243 acceperunt
312 2144 467 2244 peculiari
481 2152 553 2244 jure
567 2144 810 2245 poffidendum.
833 2145 946 2243 Atque
961 2142 1013 2218 his

96 2263 351 2337 conditionibus
370 2262 435 2336 fide
456 2263 622 2364 utrimque
641 2265 717 2339 dati
727 2318 738 2351 ,
758 2263 924 2366 expeditio
943 2261 1014 2335 sus-

93 2409 198 2486 cepta
213 2388 266 2458 est.
289 2385 341 2457 Ac
352 2385 495 2486 pericula
507 2386 644 2486 quidem
655 2415 727 2486 quae
741 2387 777 2458 in
791 2387 909 2460 itinere
920 2384 1013 2458 adie-

92 2531 201 2592 runt,
219 2517 254 2580 &
270 2533 396 2581 caeteras
415 2535 464 2581 res
480 2536 552 2607 quae
569 2508 611 2581 ad
627 2509 810 2582 institutum
826 2533 896 2579 non
910 2505 1014 2607 perti·

95 2651 207 2713 nent,
228 2630 309 2726 quid
331 2627 457 2703 neceffe
478 2633 523 2704 est
545 2629 703 2730 prolixius
723 2627 1012 2701 commemorate?

96 2747 197 2821 Bello
218 2773 328 2824 autem
349 2750 445 2823 vistis
470 2774 585 2823 eorum
608 2749 759 2821 locorum
781 2773 851 2846 quae
871 2744 1013 2819 diximus

96 2870 218 2943 incolis
228 2924 239 2956 ,
251 2869 527 2971 regna'ttipartitd
542 2869 734 2949 divisentnt.
753 2871 795 2942 Et
806 2897 865 2944 vos
874 2865 1013 2968 quidem

99 2992 136 3064 in
154 2993 242 3066 hunc
256 2992 360 3093 usque
372 2990 463 3090 diem
476 2999 573 3093 pasta
585 3001 621 3067 δι
637 2992 864 3094 jusjurandum
878 2992 1013 3092 majori-

99 3114 162 3186 bus
176 3115 292 3187 nostris
313 3114 448 3200 datum,
468 3113 611 3201 seruatis.
634 3117 846 3216 Quapropter
859 3121 895 3187 &
914 3111 1012 3214 supe-

97 3235 180 3306 riori
197 3219 347 3335 tempore
361 3235 487 3308 felicius
507 3237 608 3335 qudm
624 3235 680 3308 alii
697 3223 769 3308 rem
781 3233 910 3335 egistis,
926 3243 962 3307 &
974 3233 1012 3304 in

95 3358 294 3456 posterum,
313 3381 417 3455 quum
436 3355 515 3430 tales
529 3356 620 3442 stris,
644 3355 843 3458 sperandum
864 3358 911 3428 est
934 3353 1011 3426 feli-

95 3475 167 3547 cius
188 3475 290 3575 qudm
309 3503 397 3549 nunc
420 3505 479 3551 vos
501 3482 640 3550 astutos.
665 3475 824 3549 Meisenii
839 3497 950 3546 autem
968 3475 1010 3546 ed

93 3595 279 3695 impietatis
296 3607 478 3680 venerunt,
499 3619 536 3668 ut
549 3622 607 3696 per
619 3594 750 3668 insidias
763 3590 1009 3692 Cresphontem

94 3716 302 3824 occiderint,
314 3715 401 3792 urbis
413 3714 642 3828 conditorem,
656 3713 800 3817 regionis
811 3711 1007 3797 dominum,
1031 3698 1037 3708 ’
