2750 4742
361 427 690 489 ANALrsrs,
924 446 980 499 421

79 551 103 607 δι
117 542 229 631 benigni
241 544 387 611 consuluit.
407 556 499 631 Hujus
514 551 675 612 excusantur
688 550 824 611 violentia
834 546 985 613 &durities

79 658 298 733 quas,Spattanae
309 654 566 736 civitatisexemplo
577 654 735 727 edoctam
744 655 855 735 aliquos
863 652 961 718 edidit.

115 753 250 817 Transitus
259 754 294 815 ad
306 752 451 817 secundam
462 756 681 817 confirmationis
693 776 807 836 partem.
819 822 823 830 ,

304 858 528 935 confirmationis
534 858 655 938 sicunde
664 883 741 937 pars.

112 958 259 1019 Contendit
273 978 366 1019 orator
381 959 558 1023 Athenienses
572 959 690 1043 sapienti
704 982 792 1021 terum
805 961 982 1023 administra·

79 1062 146 1120 tione
156 1082 211 1121 non
222 1060 314 1123 minuis
326 1062 479 1124 excelluisse
494 1064 579 1147 quim
591 1065 626 1124 iis
640 1084 701 1145 qua
713 1059 794 1145 sopri
804 1083 981 1124 commemo·

79 1184 154 1225 murt.

113 1272 135 1325 1.
157 1268 234 1327 Dicit
245 1266 272 1327 se
285 1268 362 1351 loqui
374 1268 407 1329 de
420 1266 559 1349 republici
572 1274 711 1350 majorum
722 1317 732 1343 ,
743 1290 799 1329 non
810 1266 845 1329 de
855 1266 980 1350 presenti

79 1368 207 1451 republiei
220 1394 305 1453 quarn
317 1374 471 1454 vituperat,
485 1380 512 1433 δε
527 1377 604 1453 cujus
615 1372 849 1454 perturbationem
856 1368 982 1432 transfert

78 1473 103 1531 in
117 1473 345 1534 lacedemonios.

32 1624 33 1627 ,
112 1582 154 1637 11.
181 1577 286 1637 laudat
309 1575 457 1658 priscorum
485 1574 694 1638 Atheniensium
718 1573 979 1645 mansuetudinem,

32 1662 33 1677 ἶ
79 1702 164 1741 eornm
173 1682 221 1760 qui
232 1701 412 1765 regnaverunt
422 1680 554 1751 Athenis,
567 1702 599 1739 ac
613 1675 757 1761 praesertim
769 1675 890 1749 Thesei,
899 1698 978 1739 corn⁴

79 1782 183 1843 mendat
201 1780 383 1863 sapientiam,
398 1782 431 1843 de
444 1784 527 1843 variis
539 1780 800 1862 rerumpublicarum
812 1778 909 1839 formis
919 1776 978 1839 dis-

32 1940 33 1951 ,
78 1902 149 1964 putat
163 1881 292 1956 solerter,
312 1904 434 1945 veterem
455 1885 652 1945 democratiam
669 1880 814 1966 magnifici
831 1881 978 1961 praedicat,

78 1984 246 2069 praesentique
256 1988 372 2067 opponit
383 1986 558 2047 democratia
567 1990 643 2064 cujus
652 1980 825 2045 vitiavividd
833 1982 977 2053 describit,

78 2106 106 2146 ac
114 2087 228 2169 denique
240 2086 330 2149 asserit
339 2086 417 2149 sanas
426 2085 754 2149 resiaeadininilirationis
764 2086 935 2168 tegulasnon
943 2102 979 2145 ex

32 2172 33 2239 l
78 2190 284 2253 Lacedaemoniis
300 2189 495 2263 Athenienses,
516 2190 609 2253 seder
624 2187 833 2253 Athenienfibus
848 2188 980 2249 Laceda-
1022 2207 1024 2210 ·

32 2282 33 2333 3
78 2294 198 2364 monins,
211 2292 382 2375 allumpfill'e.
402 2301 470 2356 Haec
481 2295 595 2364 omnia,
610 2290 814 2371 obiediionibus
824 2298 852 2350 δι
865 2290 980 2371 respon·

32 2418 33 2425 ¹
78 2396 190 2457 sonibus
201 2398 376 2472 intermixta,
395 2397 455 2458 fusi
467 2420 498 2459 ac
516 2394 649 2478 sparsim,
667 2416 698 2456 nt
717 2392 735 2458 b
753 2393 814 2456 sene
831 2392 996 2477 plusquim‘

78 2502 276 2587 nonagenario,
289 2503 444 2562 trasiantur.

319 2602 543 2679 confirmationis
552 2622 620 2675 pars
633 2600 729 2661 tertia.

32 2718 33 2729 ²
107 2707 288 2789 Athenienses
297 2708 511 2772 Lacedaemoniis
522 2706 622 2769 virtute
634 2704 722 2765 etiam
734 2701 836 2765 bellica
845 2702 981 2785 prestite-
1008 2736 1011 2740 ·

78 2832 139 2875 runt.

110 2919 132 2979 1.
154 2916 288 2977 isocrates
297 2914 467 2996 reprehendit
479 2932 624 2998 utramque
636 2916 780 2976 civitatem
793 2914 831 2973 ob
842 2913 981 2975 adulatio-

78 3040 133 3079 nem
148 3020 281 3079 Perstcam
298 3026 326 3078 δι
343 3018 471 3100 intestina
488 3018 580 3088 bella,
601 3018 722 3099 dicitque
734 3014 826 3077 multb
842 3013 940 3079 reditis
951 3025 981 3079 δὲ

78 3119 174 3189 senfiffe
184 3132 212 3184 δι
223 3120 306 3207 egisse
317 3127 435 3203 maj0tes
448 3120 662 3183 Atheniensium.

108 3231 144 3286 ΙΙ.
170 3225 286 3285 Illorum
308 3225 494 3305 expeditiones
512 3241 714 3284 commemorat
735 3223 769 3283 de
791 3222 929 3293 coloniis,
951 3230 979 3283 δι

78 3346 171 3407 quanta
183 3348 218 3387 ex
230 3327 285 3387 illis
295 3320 515 3407 expeditionibus
523 3325 599 3385 bona
611 3325 762 3385 evenerint.

108 3434 161 3490 111.
177 3430 393 3510 Supplicationes
403 3426 490 3488 factas
499 3427 535 3487 ab
545 3426 658 3487 Adrasto
669 3424 878 3487 Athenienfibus
891 3445 983 3490 narrar

78 3531 219 3593 itt-bellica·
229 3533 359 3613 potentiae
370 3532 493 3616 signum,
506 3530 551 3591 sed
564 3549 655 3591 narrat
666 3531 746 3590 aliter
763 3551 795 3590 ae
808 3531 837 3589 iit
855 3532 983 3591 oratione

78 3624 241 3717 panegprical.
264 3638 360 3715 Quam
372 3631 557 3695 diversitatem
568 3631 806 3714 paucisdcsendit.

32 3790 33 3795 ,
109 3742 165 3803 1v.
187 3743 342 3826 Antequam
363 3734 538 3821 persequatur
560 3756 601 3799 tes
618 3732 824 3797 Athenienfium
846 3732 987 3808 bellicas,-

622 3852 625 3869 ·
709 3834 839 3940 narn
