2750 4742
269 288 825 394 nneu1onuns
954 327 992 398 μ

10 427 12 480 l
103 440 275 518 interimus.
298 444 383 534 Quat
395 441 495 542 potrb
510 439 563 514 vel
578 441 708 516 mentio
723 440 875 516 facienda
886 447 933 518 est
945 469 997 518 ta·

10 571 12 630 l
102 563 174 638 lium
192 562 453 663 increpationum
466 562 583 660 quibus
601 587 662 635 nos
684 564 875 663 oppriment
892 564 997 638 vicini
1073 589 1078 596 ·

103 685 227 788 populi?
250 718 269 750 ιι
283 688 375 759 Itane
388 687 490 771 verb,
505 685 676 786 inquient,
690 686 792 761 semel
805 686 903 772 visti,
918 688 999 760 und-

104 845 121 875 «
139 834 201 906 que
221 807 430 908 impreffione
453 805 561 892 facta,
584 807 667 880 adeb
688 807 807 908 ignavd
832 810 998 884 concede-

105 957 122 990 a
142 952 214 1000 runt
237 927 271 1001 se
295 929 456 1030 imperata
476 929 591 1002 omnia
613 927 778 1003 fadturos!
798 933 879 1023 Quo
900 936 998 1033 padio

104 1079 122 1111 u
141 1048 213 1122 tales
221 1049 381 1154 'diuturna
393 1045 576 1122 infortunia
588 1050 786 1124 tolerarent?
800 1091 821 1124 ‚a
845 1052 930 1148 Quis
943 1081 1000 1127 au·

102 1194 242 1246 tetanos
266 1196 337 1241 non
360 1169 636 1271 reprehenderet,
654 1169 698 1256 st,
715 1199 819 1271 quum
840 1171 1000 1246 Mess'enii

103 1317 155 1390 pto
170 1289 228 1362 bdc
247 1289 291 1362 de
310 1288 374 1390 qud
393 1289 499 1390 agitur
520 1290 656 1390 regione
676 1317 734 1392 pet
753 1291 873 1391 viginti
894 1319 999 1366 annos

103 1411 208 1498 obseffi
222 1409 367 1496 fuerint,
387 1409 455 1482 talin
468 1409 618 1484 celeriter
631 1411 669 1484 ed
680 1411 870 1485 cederemus
882 1441 893 1510 3
908 1423 943 1487 δι
958 1440 1001 1487 ne

102 1541 256 1632 majorum
266 1530 405 1630 quidem
418 1529 555 1604 essemus
566 1557 753 1617 memores,
767 1531 825 1605 sed
841 1559 942 1631 quam
953 1531 1003 1606 illi

102 1652 206 1725 multis
220 1650 433 1726 laboribus&
450 1650 599 1752 periculis
611 1677 831 1753 paraverunt,
851 1679 925 1727 eam
939 1681 1001 1728 nos

103 1775 200 1850 verbis
210 1773 349 1875 persuasi
362 1775 598 1876 abjiceremus?

420 1903 526 1972 Tertia
542 1899 681 1994 objtr'lio.

144 2019 270 2112 Quibus
290 2017 446 2090 omnibus
466 2016 647 2120 neglectis,
669 2016 822 2117 nullique
842 2017 1002 2119 multipli-

103 2141 146 2212 cis
159 2138 324 2212 dedecoris
341 2137 451 2210 habital
467 2136 618 2222 ratione,
638 2136 792 2210 nonnulli
807 2163 846 2210 ea
865 2133 1003 2209 suadent

105 2285 172 2361 qua
187 2255 365 2361 reipublicae
378 2261 491 2332 nosttae
509 2256 653 2332 infamia
672 2258 782 2332 labem
795 2258 871 2332 sunt
881 2259 1004 2332 inustu-

100 2411 143 2457 ra.
165 2385 216 2456 Ac
232 2383 302 2456 tdm
321 2382 436 2483 cupide
460 2407 521 2454 nos
540 2380 583 2454 ad
603 2379 790 2454 Melsenam
809 2381 1004 2455 tradendam

101 2506 294 2587 hortantur,
319 2525 355 2574 ut
381 2511 417 2575 δι
441 2503 556 2574 nostrae
578 2501 665 2574 urbis
687 2499 949 2574 imbecillitatem
968 2509 1006 2574 dc

101 2627 239 2700 hostium
252 2621 436 2724 potentiam
449 2647 712 2694 commemorare
726 2648 795 2694 non
808 2620 1005 2705 dubitalrinr,

102 2746 345 2823 &adversarios
357 2743 416 2817 stbi
430 2742 628 2844 respondere
643 2743 799 2840 jubeant,
818 2741 937 2841 quibus
950 2768 1007 2816 au·

103 2871 181 2946 xiliis
194 2869 291 2954 freti,
307 2866 400 2943 vobis
416 2866 496 2940 belli
508 2865 705 2968 suscipiendi
714 2892 841 2941 autores
850 2865 957 2940 fimus.

459 2991 638 3091 Responfio.

148 3115 220 3215 Ego
237 3113 317 3187 verb
332 3111 461 3186 nullum
473 3119 577 3208 majus
589 3119 625 3184 δι
637 3109 762 3184 firmius
773 3108 929 3183 auxilium
942 3106 1008 3180 esse

99 3236 238 3310 arbitror
251 3233 353 3334 qudm
363 3236 444 3333 justa
456 3257 562 3333 agere.
579 3230 854 3305 Consentaneum
862 3230 954 3304 enim
962 3230 1009 3300 est

99 3359 201 3432 eriam
228 3355 369 3429 deorum
398 3347 638 3428 immortalium
665 3352 934 3427 benevolentiam
957 3347 1011 3420 bis

10 3725 11 3732 ἵ
104 3626 148 3702 rai
161 3633 271 3703 licata
284 3627 472 3724 npoerldv'lur·

787 3734 865 3835 un
