2750 4742
328 392 860 473 PANATHENAICUS·
976 424 1044 489 44³

136 532 357 629 potillimirm.
375 543 436 613 His
452 542 552 641 igitur
561 542 717 620 omnibus
732 544 897 641 utrimque
909 540 1056 615 confide-

136 658 222 729 ratis
231 712 242 744 ,
252 661 416 760 optimum
428 661 527 740 fuerit
537 690 575 737 ea
584 663 683 763 loqui
690 692 824 765 pergere
836 693 906 764 quae
919 661 1052 762 incoepi.

136 777 173 848 Si
189 779 285 853 enim
297 779 421 881 scriptis
434 783 601 883 protulero
616 792 651 857 δι
664 786 837 857 ostendero
854 810 1005 883 quanam
1018 780 1057 853 su

136 924 219 971 mea
243 899 285 972 de
306 901 510 975 institutione
532 930 569 975 ac
586 902 629 977 de
650 904 757 1005 poetis
777 903 960 987 sententia,
980 902 1056 973 istos

137 1018 286 1092 arbitror
310 1021 465 1097 defituros
491 1023 583 1097 salsa·
601 1026 742 1098 crimina
767 1022 996 1105 comminisci,
1020 1029 1056 1093 δε

138 1140 383 1243 quodcumque
399 1144 538 1219 obvium
552 1143 651 1219 fuerit
666 1145 797 1245 garrire.

200 1384 256 1473 3⁰.
281 1382 442 1456 Ceteriun
467 1410 531 1483 ego
554 1410 677 1456 moneo
699 1381 773 1457 illos
790 1382 849 1483 qui
871 1383 906 1454 in
928 1381 985 1453 has
1007 1408 1057 1477 res

141 1499 280 1575 summo
293 1504 399 1577 studio
412 1503 580 1591 feruntur,
601 1532 643 1579 ne
657 1505 831 1591 laborent,
849 1531 933 1577 neve
946 1503 988 1577 ad
999 1504 1056 1575 illa

142 1623 264 1697 omnia
278 1624 426 1699 animum
445 1610 630 1699 intendant.
652 1626 742 1697 Dico
763 1624 854 1699 enim
874 1625 931 1697 has
955 1622 1056 1697 disci-

144 1742 279 1842 plinas,
306 1768 343 1817 ut
372 1745 455 1817 nihil
483 1745 572 1818 aliud
599 1744 752 1820 afferrent
778 1744 884 1830 boni,
911 1768 1055 1817 avertere

146 1885 262 1961 tamen
276 1862 496 1939 adolescentes
508 1863 646 1939 almultis
659 1864 729 1938 aliis
742 1863 888 1948 delictis,
902 1888 962 1935 nec
974 1861 1055 1935 ullas

98 2022 104 2041 ι
146 1984 396 2059 exercitationes
417 1985 493 2058 huic
518 1986 603 2059 aetati
626 1987 770 2061 inveniri
795 1984 885 2087 posse
910 1983 1055 2057 utiliores

147 2127 207 2175 aut
227 2106 461 2179 convenientes
478 2106 591 2207 magis.
614 2106 678 2179 Sed
699 2132 778 2181 natu
797 2105 997 2205 majoribus,
1018 2114 1054 2178 &

145 2224 190 2296 iis
201 2225 259 2323 qui
267 2232 336 2323 jam
350 2225 392 2298 ad
402 2225 532 2315 virilem
543 2250 671 2299 aetatem
682 2251 922 2327 pervenerunt,
937 2226 1054 2299 eadeni

148 2346 218 2417 haec
234 2345 337 2419 studia
353 2370 427 2446 apta
446 2345 510 2419 effe
524 2372 621 2447 nego.
646 2348 781 2447 Quippe
794 2347 893 2420 video
908 2344 1055 2419 nonnul-

147 2464 200 2537 los
218 2465 298 2564 qui,
315 2492 418 2564 quum
433 2465 618 2567 disciplinas
633 2466 706 2539 istas
723 2466 767 2537 ital
783 2464 927 2564 perfecie
941 2466 1056 2565 cogni-

150 2608 200 2657 tas
219 2584 383 2671 habeant,
407 2585 444 2659 ut
464 2594 500 2659 δε
522 2586 602 2658 alios
621 2586 740 2659 docere
756 2586 901 2685 pollint,
924 2584 979 2657 sual
1000 2584 1055 2657 illd

150 2706 285 2779 scientis
301 2732 371 2779 non
384 2708 573 2809 tempestive
588 2709 656 2793 uti,
675 2715 711 2781 &
725 2708 760 2779 in
776 2706 889 2778 ceteris
903 2706 976 2778 vitae
992 2730 1054 2777 ne·

152 2829 250 2929 gotiis
271 2828 437 2930 discipulis
462 2829 526 2903 ess'e
552 2827 854 2931 imprudentiores3
878 2853 939 2901 nec
963 2826 1056 2900 enim

150 2950 258 3025 audeo
283 2949 392 3025 dicere
413 2949 554 3025 famulis.
586 2951 680 3027 ldem
703 2952 803 3024 etiarn
823 2949 929 3021 sentio
950 2948 994 3021 de
1017 2949 1056 3023 iis

151 3072 210 3169 qui
223 3068 353 3173 possunt
363 3072 570 3157 concionati,
583 3082 618 3146 δε
631 3072 673 3146 de
683 3072 734 3145 his
744 3072 803 3171 qui
816 3070 1056 3171 conscriptione

101 3258 106 3268 ,
152 3192 341 3265 orationum
358 3192 491 3267 laudem
509 3192 569 3265 srbi
585 3192 842 3293 acquisiverunt,
858 3190 1002 3289 denique
1013 3190 1056 3263 de

155 3526 210 3590 ego
223 3506 293 3564 verti
308 3503 411 3577 latine,
427 3499 571 3579 ceterum,
587 3510 615 3563 δι
629 3500 675 3564 hlc
689 3502 760 3563 mihi
772 3502 881 3563 videtur
892 3501 1057 3584 respondere

156 3603 221 3663 huic
232 3602 310 3682 quod
321 3603 438 3661 dicimus
451 3600 573 3683 gallice,
588 3605 656 3682 quoi
669 3601 737 3682 qu'il
753 3621 788 3660 en
799 3598 863 3661 soit.

207 3683 325 3780 [lbra]
346 3679 407 3763 {oi
419 3690 534 3775 rosula,
547 3698 687 3785 intellige,
700 3698 736 3760 ad
744 3696 833 3760 studia
842 3696 1033 3783 sophistarum.
