2750 4742
74 295 959 328 m

74 333 958 380 —h-qf—-a—-h—-fi--fi-——n———n

149 426 761 539 ΔἈΝΑιΥειε

156 633 871 709 ORATIONIS

364 808 663 857 tusculum
763 812 766 819 '

247 915 817 1068 duxintnmoz..

299 1202 739 1262 PROPOSITUM.

81 1303 222 1432 Quum
240 1350 441 1414 Lacedaemonii
458 1351 520 1434 post
538 1353 628 1414 clades
641 1353 677 1414 ad
695 1356 808 1416 leubbta
825 1363 853 1416 dt
868 1359 978 1418 Manti-

79 1477 168 1526 neam,
179 1475 273 1536 patem
288 1451 305 1514 ὲ
317 1453 461 1516 Thebanis
474 1474 616 1535 peterent,
629 1453 660 1514 hi
671 1454 852 1536 promistmnt
862 1455 889 1517 se
899 1460 979 1519 illam

80 1557 138 1638 ipss
156 1555 190 1617 eb
210 1557 364 1618 conditione
384 1557 512 1630 daturos,
530 1558 550 1618 st
566 1557 720 1619 Messanam
736 1557 933 1631 instautatent,
954 1569 983 1622 be

79 1661 187 1720 liberam
201 1662 252 1720 elle
270 1679 433 1742 paterentur.
456 1663 531 1722 Socii
549 1660 819 1723 Lacedaemoniorum
837 1661 983 1724 censebant

80 1763 151 1824 illam
162 1764 257 1824 unbem
279 1766 464 1850 &regionem
484 1763 678 1826 dimittendam
696 1762 749 1826 else
768 1783 800 1824 ut
816 1785 870 1846 pax
887 1765 982 1826 sitiet:

81 1865 255 1928 Archidamus
275 1869 392 1947 junior,
411 1865 485 1928 filius
504 1867 622 1953 Agefilai
639 1875 830 1948 Spartanonum
848 1871 937 1953 mgis,
952 1871 984 1932 in

80 1971 190 2032 concilio
202 1978 305 2052 Spartae
316 1970 381 2032 huic
392 1974 517 2052 opinioni
530 1971 697 2038 adversatur.

447 2076 614 2136 Exordium.

117 2177 242 2241 Ostendit
258 2200 305 2240 cun
320 2179 449 2261 loquatur
466 2181 531 2240 licet
549 2184 650 2259 junior.
672 2178 864 2242 Adulescentes
879 2182 986 2261 opinati

83 2279 186 2361 pullum
199 2279 345 2364 praesentim
357 2283 385 2342 in
396 2281 476 2370 rebus
495 2285 564 2344 tanti
580 2287 726 2346 momenti.
751 2283 897 2366 Quannitn
912 2285 948 2344 ad
960 2283 990 2344 sc

82 2388 191 2455 attinet,
206 2387 306 2475 mallet
316 2388 388 2447 moni
397 2385 482 2468 quim
492 2388 547 2472 legi
558 2385 727 2449 *aThebanis
739 2388 873 2468 imposita:
885 2408 992 2468 patent.

81 2491 346 2552 Lacedaemomi'non
356 2491 459 2576 debent
471 2483 607 2554 dimittent
619 2490 788 2563 Messeniam,
802 2500 830 2552 δι
841 2490 921 2552 sociis
930 2509 990 2551 tut·

78 2596 120 2672 pia
131 2593 309 2656 suadentibus
320 2593 421 2656 cedere.

445 2757 446 2762 ,
461 2701 609 2760 Ndrratt'o.

117 2805 273 2884 Exponitut
289 2822 357 2884 quas
372 2799 413 2862 ob
430 2795 522 2864 causas
539 2802 740 2863 Lacedaemonii
759 2805 788 2862 in
804 2797 991 2883 Peloponneso

84 2903 276 2974 consederint,
293 2913 321 2965 δε
340 2926 397 2987 quo
415 2907 496 2986 pado
515 2904 637 2968 Messena
653 2909 683 2968 in
695 2904 816 2988 ipsorum
829 2903 992 2987 potestatem

83 3027 190 3070 tenent.

443 3109 630 3188 Confirmatio.

117 3213 325 3276 Lactdaemonii
337 3210 490 3274 Messanam
501 3235 558 3278 non
570 3213 668 3274 debent
678 3213 816 3276 dimittent
826 3238 834 3274 t
847 3236 913 3276 nam

118 3324 142 3379 I.
163 3319 250 3380 Idem
264 3323 309 3398 jus
319 3318 421 3379 habent
432 3320 461 3378 in
473 3339 552 3392 tam,
565 3339 597 3379 ac
608 3321 637 3379 in
648 3319 736 3400 ipsam
745 3319 952 3380 lacedaemona.

95 3487 99 3496 ,
117 3427 156 3483 ll.
176 3428 255 3484 Eam
268 3422 401 3504 poffident
413 3421 429 3483 *a
440 3443 559 3504 quatuor
570 3422 674 3484 saculis
685 3431 713 3485 δι
726 3421 853 3504 amplids.

118 3532 172 3588 111.
194 3528 286 3589 Nulli
299 3547 421 3610 unquam
434 3547 483 3588 nee
492 3515 602 3588 Barbati
616 3547 666 3586 nec
679 3529 767 3588 Graeci
779 3547 842 3585 eum
852 3523 915 3608 ipss
925 3546 996 3587 eon-

80 3631 224 3692 tenderunt
235 3631 273 3691 de
285 3630 411 3716 legitimi
423 3629 503 3713 hujus
513 3628 681 3714 possessione.

184 3739 288 3808 Tome
303 3735 351 3808 II.
820 3730 854 3802 A
