<?xml version="1.0" encoding="UTF-8"?>
<!DOCTYPE html PUBLIC "-//W3C//DTD XHTML 1.0 Transitional//EN"
    "http://www.w3.org/TR/xhtml1/DTD/xhtml1-transitional.dtd">
<html xmlns="http://www.w3.org/1999/xhtml" xml:lang="en" lang="en">
 <head>
  <title>
</title>
<meta http-equiv="Content-Type" content="text/html;charset=utf-8" />
  <meta name='ocr-system' content='tesseract 3.04.00' />
  <meta name='ocr-capabilities' content='ocr_page ocr_carea ocr_par ocr_line ocrx_word'/>
</head>
<body>
  <div class='ocr_page' id='page_1' title='image "./isocratisoperao01augegoog_0601.png"; bbox 0 0 2750 4742; ppageno 0'>
   <div class='ocr_carea' id='block_1_1' title="bbox 264 294 1109 414">
    <p class='ocr_par' dir='ltr' id='par_1_1' title="bbox 264 294 1109 414">
     <span class='ocr_line' id='line_1_1' title="bbox 264 294 1109 414; baseline 0.022 -32"><span class='ocrx_word' id='word_1_1' title='bbox 264 294 810 412; x_wconf 71' lang='lat' dir='ltr'>nnnnrntunrcos.</span> <span class='ocrx_word' id='word_1_2' title='bbox 931 341 995 414; x_wconf 76' lang='lat' dir='ltr'>su</span> <span class='ocrx_word' id='word_1_3' title='bbox 1105 300 1109 312; x_wconf 86' lang='lat'><em>&#39;</em></span> 
     </span>
    </p>
   </div>
   <div class='ocr_carea' id='block_1_2' title="bbox 80 450 998 667">
    <p class='ocr_par' dir='ltr' id='par_1_2' title="bbox 80 450 998 667">
     <span class='ocr_line' id='line_1_2' title="bbox 80 450 996 561; baseline 0.008 -33"><span class='ocrx_word' id='word_1_4' title='bbox 80 450 204 529; x_wconf 87' lang='lat' dir='ltr'>liberos</span> <span class='ocrx_word' id='word_1_5' title='bbox 217 455 292 532; x_wconf 87' lang='lat' dir='ltr'>suos</span> <span class='ocrx_word' id='word_1_6' title='bbox 305 457 518 543; x_wconf 80' lang='lat' dir='ltr'>assuefacere,</span> <span class='ocrx_word' id='word_1_7' title='bbox 532 484 590 558; x_wconf 90' lang='lat' dir='ltr'>pet</span> <span class='ocrx_word' id='word_1_8' title='bbox 607 485 687 557; x_wconf 84' lang='lat' dir='ltr'>quas</span> <span class='ocrx_word' id='word_1_9' title='bbox 702 460 833 561; x_wconf 82' lang='lat' dir='ltr'>sperent</span> <span class='ocrx_word' id='word_1_10' title='bbox 848 487 905 534; x_wconf 93' lang='lat' dir='ltr'>eos</span> <span class='ocrx_word' id='word_1_11' title='bbox 923 461 996 535; x_wconf 81' lang='lat' dir='ltr'>aliis</span> 
     </span>
     <span class='ocr_line' id='line_1_3' title="bbox 82 578 998 667; baseline 0.014 -21"><span class='ocrx_word' id='word_1_12' title='bbox 82 602 158 648; x_wconf 90' lang='lat' dir='ltr'>non</span> <span class='ocrx_word' id='word_1_13' title='bbox 173 578 236 654; x_wconf 85' lang='lat' dir='ltr'>effe</span> <span class='ocrx_word' id='word_1_14' title='bbox 256 580 507 667; x_wconf 68' lang='lat' dir='ltr'>benefasturos,</span> <span class='ocrx_word' id='word_1_15' title='bbox 525 579 583 656; x_wconf 87' lang='lat' dir='ltr'>sed</span> <span class='ocrx_word' id='word_1_16' title='bbox 600 583 721 656; x_wconf 79' lang='lat' dir='ltr'>Graccis</span> <span class='ocrx_word' id='word_1_17' title='bbox 738 584 998 658; x_wconf 83' lang='lat' dir='ltr'>maximadetri·</span> 
     </span>
    </p>
   </div>
   <div class='ocr_carea' id='block_1_3' title="bbox 81 701 1013 1040">
    <p class='ocr_par' dir='ltr' id='par_1_3' title="bbox 81 701 1013 1040">
     <span class='ocr_line' id='line_1_4' title="bbox 81 701 455 804; baseline 0.016 -34"><span class='ocrx_word' id='word_1_18' title='bbox 81 724 196 774; x_wconf 88' lang='lat' dir='ltr'>menta</span> <span class='ocrx_word' id='word_1_19' title='bbox 208 701 455 804; x_wconf 84' lang='lat' dir='ltr'><strong>importaturos.</strong></span> 
     </span>
     <span class='ocr_line' id='line_1_5' title="bbox 1008 857 1013 895; baseline 0 0"><span class='ocrx_word' id='word_1_20' title='bbox 1008 857 1013 895; x_wconf 95' lang='lat' dir='ltr'>l</span> 
     </span>
     <span class='ocr_line' id='line_1_6' title="bbox 134 933 996 1040; baseline 0.002 -28"><span class='ocrx_word' id='word_1_21' title='bbox 134 947 182 1012; x_wconf 87' lang='lat'>2⁰.</span> <span class='ocrx_word' id='word_1_22' title='bbox 206 942 298 1034; x_wconf 87' lang='lat' dir='ltr'>Quas</span> <span class='ocrx_word' id='word_1_23' title='bbox 314 939 468 1032; x_wconf 84' lang='lat' dir='ltr'>sromnes</span> <span class='ocrx_word' id='word_1_24' title='bbox 484 933 813 1040; x_wconf 74' lang='lat' dir='ltr'>percensere&#39;velinr,</span> <span class='ocrx_word' id='word_1_25' title='bbox 835 965 996 1040; x_wconf 81' lang='lat' dir='ltr'>magnum</span> 
     </span>
    </p>
   </div>
   <div class='ocr_carea' id='block_1_4' title="bbox 71 1051 1020 1162">
    <p class='ocr_par' dir='ltr' id='par_1_4' title="bbox 71 1051 1020 1162">
     <span class='ocr_line' id='line_1_7' title="bbox 71 1051 1020 1162; baseline 0 -30"><span class='ocrx_word' id='word_1_26' title='bbox 71 1067 119 1132; x_wconf 74' lang='grc' dir='ltr'>’δε</span> <span class='ocrx_word' id='word_1_27' title='bbox 134 1059 238 1132; x_wconf 48' lang='lat' dir='ltr'>,milri</span> <span class='ocrx_word' id='word_1_28' title='bbox 267 1059 326 1162; x_wconf 89' lang='lat' dir='ltr'>ipsr</span> <span class='ocrx_word' id='word_1_29' title='bbox 353 1069 389 1134; x_wconf 89' lang='lat'>&amp;</span> <span class='ocrx_word' id='word_1_30' title='bbox 416 1059 620 1134; x_wconf 83' lang='lat' dir='ltr'>auditoribus</span> <span class='ocrx_word' id='word_1_31' title='bbox 642 1084 791 1160; x_wconf 83' lang='lat' dir='ltr'>parerem</span> <span class='ocrx_word' id='word_1_32' title='bbox 817 1057 995 1132; x_wconf 82' lang='lat' dir='ltr'>fastidium.</span> <span class='ocrx_word' id='word_1_33' title='bbox 1017 1051 1020 1059; x_wconf 64' lang='grc'>’</span> 
     </span>
    </p>
   </div>
   <div class='ocr_carea' id='block_1_5' title="bbox 77 1179 1080 1401">
    <p class='ocr_par' dir='ltr' id='par_1_5' title="bbox 77 1179 1080 1401">
     <span class='ocr_line' id='line_1_8' title="bbox 78 1179 1080 1287; baseline 0.001 -36"><span class='ocrx_word' id='word_1_34' title='bbox 78 1179 146 1252; x_wconf 87' lang='lat' dir='ltr'>Sed</span> <span class='ocrx_word' id='word_1_35' title='bbox 157 1207 262 1279; x_wconf 89' lang='lat' dir='ltr'>quum</span> <span class='ocrx_word' id='word_1_36' title='bbox 272 1208 374 1254; x_wconf 88' lang='lat' dir='ltr'>unam</span> <span class='ocrx_word' id='word_1_37' title='bbox 385 1180 542 1254; x_wconf 83' lang='lat' dir='ltr'>duntaxat</span> <span class='ocrx_word' id='word_1_38' title='bbox 551 1179 709 1265; x_wconf 74' lang='lat' dir='ltr'>retitiro,</span> <span class='ocrx_word' id='word_1_39' title='bbox 724 1207 824 1280; x_wconf 87' lang='lat' dir='ltr'>quarn</span> <span class='ocrx_word' id='word_1_40' title='bbox 834 1188 995 1252; x_wconf 87' lang='lat' dir='ltr'>amant&amp;</span> <span class='ocrx_word' id='word_1_41' title='bbox 1076 1278 1080 1287; x_wconf 20' lang='grc' dir='ltr'><em>Ι</em></span> 
     </span>
     <span class='ocr_line' id='line_1_9' title="bbox 77 1297 994 1401; baseline 0 -29"><span class='ocrx_word' id='word_1_42' title='bbox 77 1297 188 1373; x_wconf 88' lang='lat' dir='ltr'>studio</span> <span class='ocrx_word' id='word_1_43' title='bbox 204 1301 367 1401; x_wconf 86' lang='lat' dir='ltr'>imprimis</span> <span class='ocrx_word' id='word_1_44' title='bbox 382 1299 525 1386; x_wconf 88' lang='lat' dir='ltr'>habent,</span> <span class='ocrx_word' id='word_1_45' title='bbox 544 1325 646 1372; x_wconf 91' lang='lat' dir='ltr'>omne</span> <span class='ocrx_word' id='word_1_46' title='bbox 664 1300 798 1375; x_wconf 90' lang='lat' dir='ltr'>illorum</span> <span class='ocrx_word' id='word_1_47' title='bbox 819 1299 994 1400; x_wconf 85' lang='lat' dir='ltr'>ingenium</span> 
     </span>
    </p>
   </div>
   <div class='ocr_carea' id='block_1_6' title="bbox 2 1419 1023 2736">
    <p class='ocr_par' dir='ltr' id='par_1_6' title="bbox 2 1419 1023 2736">
     <span class='ocr_line' id='line_1_10' title="bbox 2 1419 992 1519; baseline -0.004 -23"><span class='ocrx_word' id='word_1_48' title='bbox 2 1487 4 1496; x_wconf 83' lang='lat'>.</span> <span class='ocrx_word' id='word_1_49' title='bbox 76 1428 116 1495; x_wconf 68' lang='grc' dir='ltr'>δε</span> <span class='ocrx_word' id='word_1_50' title='bbox 130 1448 238 1494; x_wconf 91' lang='lat' dir='ltr'>mores</span> <span class='ocrx_word' id='word_1_51' title='bbox 252 1447 306 1494; x_wconf 90' lang='lat' dir='ltr'>me</span> <span class='ocrx_word' id='word_1_52' title='bbox 318 1419 556 1496; x_wconf 87' lang='lat' dir='ltr'>declaraturum</span> <span class='ocrx_word' id='word_1_53' title='bbox 568 1422 719 1494; x_wconf 84' lang='lat' dir='ltr'>arbitror.</span> <span class='ocrx_word' id='word_1_54' title='bbox 737 1422 791 1494; x_wconf 91' lang='lat' dir='ltr'>Illi</span> <span class='ocrx_word' id='word_1_55' title='bbox 801 1421 893 1494; x_wconf 87' lang='lat' dir='ltr'>enim</span> <span class='ocrx_word' id='word_1_56' title='bbox 904 1436 992 1519; x_wconf 87' lang='lat' dir='ltr'>quo-</span> 
     </span>
     <span class='ocr_line' id='line_1_11' title="bbox 2 1532 991 1644; baseline -0.002 -30"><span class='ocrx_word' id='word_1_57' title='bbox 2 1589 5 1622; x_wconf 73' lang='lat'><em>;</em></span> <span class='ocrx_word' id='word_1_58' title='bbox 77 1541 163 1615; x_wconf 85' lang='lat' dir='ltr'>tidie</span> <span class='ocrx_word' id='word_1_59' title='bbox 187 1568 328 1642; x_wconf 86' lang='lat' dir='ltr'>pueros,</span> <span class='ocrx_word' id='word_1_60' title='bbox 357 1568 437 1614; x_wconf 88' lang='lat' dir='ltr'>mox</span> <span class='ocrx_word' id='word_1_61' title='bbox 459 1542 478 1614; x_wconf 83' lang='lat' dir='ltr'>al</span> <span class='ocrx_word' id='word_1_62' title='bbox 498 1542 611 1628; x_wconf 70' lang='lat' dir='ltr'>leflo,</span> <span class='ocrx_word' id='word_1_63' title='bbox 632 1570 710 1644; x_wconf 81' lang='lat' dir='ltr'>cum</span> <span class='ocrx_word' id='word_1_64' title='bbox 732 1532 851 1642; x_wconf 85' lang='lat' dir='ltr'>quibus</span> <span class='ocrx_word' id='word_1_65' title='bbox 872 1539 991 1642; x_wconf 88' lang='lat' dir='ltr'>srnguli</span> 
     </span>
     <span class='ocr_line' id='line_1_12' title="bbox 2 1647 989 1750; baseline 0 -14"><span class='ocrx_word' id='word_1_66' title='bbox 2 1647 4 1654; x_wconf 70' lang='lat'>,</span> <span class='ocrx_word' id='word_1_67' title='bbox 77 1662 269 1748; x_wconf 91' lang='lat' dir='ltr'>voluerint,</span> <span class='ocrx_word' id='word_1_68' title='bbox 292 1663 429 1736; x_wconf 91' lang='lat' dir='ltr'>mittunt</span> <span class='ocrx_word' id='word_1_69' title='bbox 446 1663 549 1738; x_wconf 88' lang='lat' dir='ltr'>verbo</span> <span class='ocrx_word' id='word_1_70' title='bbox 564 1663 607 1738; x_wconf 93' lang='lat' dir='ltr'>ad</span> <span class='ocrx_word' id='word_1_71' title='bbox 623 1664 859 1750; x_wconf 85' lang='lat' dir='ltr'>venationem,</span> <span class='ocrx_word' id='word_1_72' title='bbox 876 1663 989 1738; x_wconf 66' lang='lat' dir='ltr'>reveri</span> 
     </span>
     <span class='ocr_line' id='line_1_13' title="bbox 3 1782 988 1886; baseline 0.002 -30"><span class='ocrx_word' id='word_1_73' title='bbox 3 1875 8 1884; x_wconf 76' lang='lat'>.,</span> <span class='ocrx_word' id='word_1_74' title='bbox 77 1783 122 1856; x_wconf 87' lang='lat' dir='ltr'>ad</span> <span class='ocrx_word' id='word_1_75' title='bbox 135 1811 195 1856; x_wconf 90' lang='lat' dir='ltr'>eos·</span> <span class='ocrx_word' id='word_1_76' title='bbox 207 1782 296 1856; x_wconf 88' lang='lat' dir='ltr'>furto</span> <span class='ocrx_word' id='word_1_77' title='bbox 310 1783 500 1886; x_wconf 86' lang='lat' dir='ltr'>spoliandos</span> <span class='ocrx_word' id='word_1_78' title='bbox 520 1787 577 1885; x_wconf 89' lang='lat' dir='ltr'>qui</span> <span class='ocrx_word' id='word_1_79' title='bbox 594 1786 662 1859; x_wconf 89' lang='lat' dir='ltr'>ruti</span> <span class='ocrx_word' id='word_1_80' title='bbox 679 1785 845 1859; x_wconf 88' lang='lat' dir='ltr'>habitant:</span> <span class='ocrx_word' id='word_1_81' title='bbox 864 1786 900 1857; x_wconf 94' lang='lat' dir='ltr'>in</span> <span class='ocrx_word' id='word_1_82' title='bbox 918 1811 988 1884; x_wconf 90' lang='lat' dir='ltr'>quo</span> 
     </span>
     <span class='ocr_line' id='line_1_14' title="bbox 2 1901 988 2013; baseline 0 -35"><span class='ocrx_word' id='word_1_83' title='bbox 2 1907 7 2013; x_wconf 8' lang='grc' dir='ltr'>’ᾗ</span> <span class='ocrx_word' id='word_1_84' title='bbox 75 1901 197 1978; x_wconf 85' lang='lat' dir='ltr'>accidit</span> <span class='ocrx_word' id='word_1_85' title='bbox 217 1929 254 1977; x_wconf 92' lang='lat' dir='ltr'>ut</span> <span class='ocrx_word' id='word_1_86' title='bbox 270 1905 461 2006; x_wconf 88' lang='lat' dir='ltr'>deprehensr</span> <span class='ocrx_word' id='word_1_87' title='bbox 474 1933 630 1981; x_wconf 89' lang='lat' dir='ltr'><strong>nummos</strong></span> <span class='ocrx_word' id='word_1_88' title='bbox 645 1907 799 1993; x_wconf 85' lang='lat' dir='ltr'>solvant,</span> <span class='ocrx_word' id='word_1_89' title='bbox 823 1915 859 1979; x_wconf 91' lang='lat'>&amp;</span> <span class='ocrx_word' id='word_1_90' title='bbox 877 1905 988 2008; x_wconf 80' lang='lat' dir='ltr'>plagas</span> 
     </span>
     <span class='ocr_line' id='line_1_15' title="bbox 2 2027 988 2130; baseline 0 -28"><span class='ocrx_word' id='word_1_91' title='bbox 2 2035 7 2128; x_wconf 60' lang='lat' dir='ltr'><em>J</em></span> <span class='ocrx_word' id='word_1_92' title='bbox 75 2029 250 2129; x_wconf 84' lang='lat' dir='ltr'>accipiant.</span> <span class='ocrx_word' id='word_1_93' title='bbox 262 2029 332 2122; x_wconf 88' lang='lat' dir='ltr'>Qui</span> <span class='ocrx_word' id='word_1_94' title='bbox 342 2027 988 2130; x_wconf 76' lang='lat' dir='ltr'>veroplurimaflagitia&amp;fi1ttaadmife-</span> 
     </span>
     <span class='ocr_line' id='line_1_16' title="bbox 2 2146 986 2248; baseline -0.002 -27"><span class='ocrx_word' id='word_1_95' title='bbox 2 2154 9 2186; x_wconf 69' lang='lat'><strong>⁴</strong></span> <span class='ocrx_word' id='word_1_96' title='bbox 75 2174 155 2221; x_wconf 88' lang='lat' dir='ltr'>runt</span> <span class='ocrx_word' id='word_1_97' title='bbox 169 2147 391 2234; x_wconf 69' lang='lat' dir='ltr'>solertissime,</span> <span class='ocrx_word' id='word_1_98' title='bbox 408 2149 519 2223; x_wconf 81' lang='lat' dir='ltr'>evenit</span> <span class='ocrx_word' id='word_1_99' title='bbox 529 2173 565 2221; x_wconf 92' lang='lat' dir='ltr'>ut</span> <span class='ocrx_word' id='word_1_100' title='bbox 574 2149 609 2219; x_wconf 92' lang='lat' dir='ltr'>hi</span> <span class='ocrx_word' id='word_1_101' title='bbox 621 2147 693 2221; x_wconf 79' lang='lat' dir='ltr'>tltm</span> <span class='ocrx_word' id='word_1_102' title='bbox 703 2149 788 2221; x_wconf 92' lang='lat' dir='ltr'>inter</span> <span class='ocrx_word' id='word_1_103' title='bbox 798 2175 915 2248; x_wconf 88' lang='lat' dir='ltr'>pueros</span> <span class='ocrx_word' id='word_1_104' title='bbox 923 2146 986 2220; x_wconf 88' lang='lat' dir='ltr'>fint</span> 
     </span>
     <span class='ocr_line' id='line_1_17' title="bbox 74 2247 1023 2369; baseline -0.002 -27.141"><span class='ocrx_word' id='word_1_105' title='bbox 74 2269 296 2354; x_wconf 87' lang='lat' dir='ltr'>celebriores,</span> <span class='ocrx_word' id='word_1_106' title='bbox 315 2247 386 2342; x_wconf 76' lang='lat' dir='ltr'>ttlm</span> <span class='ocrx_word' id='word_1_107' title='bbox 399 2270 462 2343; x_wconf 92' lang='lat' dir='ltr'>viti</span> <span class='ocrx_word' id='word_1_108' title='bbox 476 2268 576 2354; x_wconf 65' lang='lat' dir='ltr'>fasti,</span> <span class='ocrx_word' id='word_1_109' title='bbox 592 2268 662 2341; x_wconf 88' lang='lat' dir='ltr'>stin</span> <span class='ocrx_word' id='word_1_110' title='bbox 673 2269 737 2340; x_wconf 85' lang='lat' dir='ltr'>illis</span> <span class='ocrx_word' id='word_1_111' title='bbox 746 2261 987 2369; x_wconf 84' lang='lat' dir='ltr'>permanserint</span> <span class='ocrx_word' id='word_1_112' title='bbox 1017 2336 1023 2352; x_wconf 24' lang='lat' dir='ltr'>x</span> 
     </span>
     <span class='ocr_line' id='line_1_18' title="bbox 2 2388 987 2494; baseline -0.003 -29"><span class='ocrx_word' id='word_1_113' title='bbox 2 2388 16 2435; x_wconf 57' lang='lat'>³³</span> <span class='ocrx_word' id='word_1_114' title='bbox 74 2389 190 2465; x_wconf 89' lang='lat' dir='ltr'>studiis</span> <span class='ocrx_word' id='word_1_115' title='bbox 200 2419 273 2489; x_wconf 83' lang='lat' dir='ltr'>quae</span> <span class='ocrx_word' id='word_1_116' title='bbox 284 2390 536 2491; x_wconf 87' lang='lat' dir='ltr'>puerimeditati</span> <span class='ocrx_word' id='word_1_117' title='bbox 545 2415 658 2476; x_wconf 85' lang='lat' dir='ltr'>erant,</span> <span class='ocrx_word' id='word_1_118' title='bbox 673 2391 763 2465; x_wconf 86' lang='lat' dir='ltr'>viam</span> <span class='ocrx_word' id='word_1_119' title='bbox 774 2389 834 2463; x_wconf 83' lang='lat' dir='ltr'>fibi</span> <span class='ocrx_word' id='word_1_120' title='bbox 845 2391 887 2463; x_wconf 94' lang='lat' dir='ltr'>ad</span> <span class='ocrx_word' id='word_1_121' title='bbox 897 2388 987 2494; x_wconf 77' lang='lat' dir='ltr'>fum-</span> 
     </span>
     <span class='ocr_line' id='line_1_19' title="bbox 2 2509 985 2614; baseline -0.003 -26"><span class='ocrx_word' id='word_1_122' title='bbox 2 2523 16 2556; x_wconf 72' lang='lat'>¹²·</span> <span class='ocrx_word' id='word_1_123' title='bbox 73 2541 150 2587; x_wconf 91' lang='lat' dir='ltr'>mos</span> <span class='ocrx_word' id='word_1_124' title='bbox 159 2514 365 2614; x_wconf 75' lang='lat' dir='ltr'>&#39;magistratus</span> <span class='ocrx_word' id='word_1_125' title='bbox 383 2509 521 2584; x_wconf 87' lang='lat' dir='ltr'>fecerint</span> <span class='ocrx_word' id='word_1_126' title='bbox 537 2512 733 2612; x_wconf 82' lang='lat' dir='ltr'>planiorem.</span> <span class='ocrx_word' id='word_1_127' title='bbox 755 2513 859 2607; x_wconf 76' lang='lat' dir='ltr'>Quod</span> <span class='ocrx_word' id='word_1_128' title='bbox 873 2511 896 2584; x_wconf 89' lang='lat' dir='ltr'>fr</span> <span class='ocrx_word' id='word_1_129' title='bbox 911 2512 985 2612; x_wconf 88' lang='lat' dir='ltr'>quis</span> 
     </span>
     <span class='ocr_line' id='line_1_20' title="bbox 2 2633 988 2736; baseline -0.004 -26"><span class='ocrx_word' id='word_1_130' title='bbox 2 2649 17 2694; x_wconf 75' lang='lat'>1³</span> <span class='ocrx_word' id='word_1_131' title='bbox 73 2637 255 2710; x_wconf 89' lang='lat' dir='ltr'>ostenderit</span> <span class='ocrx_word' id='word_1_132' title='bbox 270 2634 478 2736; x_wconf 87' lang='lat' dir='ltr'>disciplinam</span> <span class='ocrx_word' id='word_1_133' title='bbox 497 2633 598 2708; x_wconf 88' lang='lat' dir='ltr'>ullam</span> <span class='ocrx_word' id='word_1_134' title='bbox 614 2634 782 2735; x_wconf 83' lang='lat' dir='ltr'>elfeapud</span> <span class='ocrx_word' id='word_1_135' title='bbox 796 2661 853 2707; x_wconf 91' lang='lat' dir='ltr'>eos</span> <span class='ocrx_word' id='word_1_136' title='bbox 868 2634 988 2733; x_wconf 86' lang='lat' dir='ltr'>majori</span> 
     </span>
    </p>
   </div>
   <div class='ocr_carea' id='block_1_7' title="bbox 2 2756 984 2979">
    <p class='ocr_par' dir='ltr' id='par_1_7' title="bbox 2 2738 984 2979">
     <span class='ocr_line' id='line_1_21' title="bbox 71 2756 984 2856; baseline -0.001 -24.069"><span class='ocrx_word' id='word_1_137' title='bbox 71 2785 157 2832; x_wconf 83' lang='lat' dir='ltr'>curae</span> <span class='ocrx_word' id='word_1_138' title='bbox 175 2757 280 2831; x_wconf 82' lang='lat' dir='ltr'>autin</span> <span class='ocrx_word' id='word_1_139' title='bbox 297 2766 423 2855; x_wconf 84' lang='lat' dir='ltr'>majore</span> <span class='ocrx_word' id='word_1_140' title='bbox 437 2757 568 2856; x_wconf 85' lang='lat' dir='ltr'>pretio,</span> <span class='ocrx_word' id='word_1_141' title='bbox 588 2756 719 2832; x_wconf 91' lang='lat' dir='ltr'>fatebor</span> <span class='ocrx_word' id='word_1_142' title='bbox 740 2785 796 2830; x_wconf 90' lang='lat' dir='ltr'>me</span> <span class='ocrx_word' id='word_1_143' title='bbox 814 2758 898 2830; x_wconf 91' lang='lat' dir='ltr'>nihil</span> <span class='ocrx_word' id='word_1_144' title='bbox 914 2757 984 2831; x_wconf 76' lang='lat' dir='ltr'>³un-</span> 
     </span>
     <span class='ocr_line' id='line_1_22' title="bbox 2 2877 984 2979; baseline 0.001 -27"><span class='ocrx_word' id='word_1_145' title='bbox 2 2877 22 2954; x_wconf 73' lang='lat' dir='ltr'>rl</span> <span class='ocrx_word' id='word_1_146' title='bbox 73 2907 178 2978; x_wconf 89' lang='lat' dir='ltr'>quam</span> <span class='ocrx_word' id='word_1_147' title='bbox 198 2877 264 2952; x_wconf 69' lang='lat' dir='ltr'>ulle</span> <span class='ocrx_word' id='word_1_148' title='bbox 284 2878 327 2952; x_wconf 90' lang='lat' dir='ltr'>de</span> <span class='ocrx_word' id='word_1_149' title='bbox 349 2904 383 2950; x_wconf 89' lang='lat' dir='ltr'>te</span> <span class='ocrx_word' id='word_1_150' title='bbox 402 2877 525 2951; x_wconf 80' lang='lat' dir='ltr'>dixisse.</span> <span class='ocrx_word' id='word_1_151' title='bbox 547 2879 687 2952; x_wconf 88' lang='lat' dir='ltr'>Arenim</span> <span class='ocrx_word' id='word_1_152' title='bbox 702 2878 984 2979; x_wconf 25' lang='lat' dir='ltr'>quidnam&#39;istius-</span> 
     </span>
    </p>
   </div>
   <div class='ocr_carea' id='block_1_8' title="bbox 10 2997 1021 3099">
    <p class='ocr_par' dir='ltr' id='par_1_8' title="bbox 10 2997 1021 3099">
     <span class='ocr_line' id='line_1_23' title="bbox 10 2997 1021 3099; baseline 0.007 -27"><span class='ocrx_word' id='word_1_153' title='bbox 10 3017 29 3085; x_wconf 69' lang='grc' dir='ltr'>ς’</span> <span class='ocrx_word' id='word_1_154' title='bbox 73 2999 174 3073; x_wconf 92' lang='lat' dir='ltr'>modi</span> <span class='ocrx_word' id='word_1_155' title='bbox 193 2997 379 3072; x_wconf 81' lang='lat' dir='ltr'>facinorum</span> <span class='ocrx_word' id='word_1_156' title='bbox 400 2999 453 3072; x_wconf 94' lang='lat' dir='ltr'>vel</span> <span class='ocrx_word' id='word_1_157' title='bbox 472 3000 645 3099; x_wconf 86' lang='lat' dir='ltr'>pulchrum</span> <span class='ocrx_word' id='word_1_158' title='bbox 659 3001 713 3074; x_wconf 92' lang='lat' dir='ltr'>vel</span> <span class='ocrx_word' id='word_1_159' title='bbox 728 3002 901 3073; x_wconf 87' lang='lat' dir='ltr'>honestum</span> <span class='ocrx_word' id='word_1_160' title='bbox 915 3005 982 3086; x_wconf 83' lang='lat' dir='ltr'>est,</span> <span class='ocrx_word' id='word_1_161' title='bbox 1020 3076 1021 3079; x_wconf 74' lang='grc'>,</span> 
     </span>
    </p>
   </div>
   <div class='ocr_carea' id='block_1_9' title="bbox 2 3157 24 3227">
    <p class='ocr_par' dir='ltr' id='par_1_9' title="bbox 2 3157 24 3227">
     <span class='ocr_line' id='line_1_24' title="bbox 4 3157 24 3185; baseline 0 -3"><span class='ocrx_word' id='word_1_162' title='bbox 4 3157 24 3185; x_wconf 63' lang='grc' dir='ltr'>,ι·“</span> 
     </span>
     <span class='ocr_line' id='line_1_25' title="bbox 2 3186 22 3218; baseline 0.1 -6"><span class='ocrx_word' id='word_1_163' title='bbox 2 3186 22 3218; x_wconf 74' lang='lat' dir='ltr'>lrr&#39;</span> 
     </span>
     <span class='ocr_line' id='line_1_26' title="bbox 5 3219 10 3227; baseline 0 0"><span class='ocrx_word' id='word_1_164' title='bbox 5 3219 10 3227; x_wconf 50' lang='lat' dir='ltr'>e</span> 
     </span>
    </p>
   </div>
   <div class='ocr_carea' id='block_1_10' title="bbox 62 3111 1083 3221">
    <p class='ocr_par' dir='ltr' id='par_1_10' title="bbox 62 3111 1083 3221">
     <span class='ocr_line' id='line_1_27' title="bbox 62 3111 1083 3221; baseline -0.004 -25"><span class='ocrx_word' id='word_1_165' title='bbox 62 3150 111 3196; x_wconf 77' lang='lat' dir='ltr'>ac</span> <span class='ocrx_word' id='word_1_166' title='bbox 126 3147 195 3193; x_wconf 91' lang='lat' dir='ltr'>non</span> <span class='ocrx_word' id='word_1_167' title='bbox 208 3121 316 3221; x_wconf 89' lang='lat' dir='ltr'>potius</span> <span class='ocrx_word' id='word_1_168' title='bbox 332 3111 612 3194; x_wconf 81' lang='lat' dir='ltr'>erubescendum?</span> <span class='ocrx_word' id='word_1_169' title='bbox 629 3147 743 3194; x_wconf 92' lang='lat' dir='ltr'>nonne</span> <span class='ocrx_word' id='word_1_170' title='bbox 753 3122 856 3220; x_wconf 86' lang='lat' dir='ltr'>igitur</span> <span class='ocrx_word' id='word_1_171' title='bbox 865 3147 984 3194; x_wconf 85' lang='lat' dir='ltr'>amen·</span> <span class='ocrx_word' id='word_1_172' title='bbox 1080 3137 1083 3143; x_wconf 84' lang='lat'>&#39;</span> 
     </span>
    </p>
   </div>
   <div class='ocr_carea' id='block_1_11' title="bbox 5 3241 986 3350">
    <p class='ocr_par' dir='ltr' id='par_1_11' title="bbox 5 3241 986 3350">
     <span class='ocr_line' id='line_1_28' title="bbox 5 3241 986 3350; baseline -0.001 -34"><span class='ocrx_word' id='word_1_173' title='bbox 5 3295 26 3350; x_wconf 65' lang='lat' dir='ltr'>,a</span> <span class='ocrx_word' id='word_1_174' title='bbox 74 3269 124 3316; x_wconf 90' lang='lat' dir='ltr'>tes</span> <span class='ocrx_word' id='word_1_175' title='bbox 138 3243 214 3316; x_wconf 89' lang='lat' dir='ltr'>sunt</span> <span class='ocrx_word' id='word_1_176' title='bbox 224 3243 370 3316; x_wconf 85' lang='lat' dir='ltr'>habendi</span> <span class='ocrx_word' id='word_1_177' title='bbox 383 3267 499 3314; x_wconf 88' lang='lat' dir='ltr'>eorum</span> <span class='ocrx_word' id='word_1_178' title='bbox 512 3241 718 3327; x_wconf 86' lang='lat' dir='ltr'>laudatores,</span> <span class='ocrx_word' id='word_1_179' title='bbox 734 3243 792 3340; x_wconf 89' lang='lat' dir='ltr'>qui</span> <span class='ocrx_word' id='word_1_180' title='bbox 803 3243 871 3315; x_wconf 82' lang='lat' dir='ltr'>talm</span> <span class='ocrx_word' id='word_1_181' title='bbox 885 3243 986 3342; x_wconf 65' lang='lat' dir='ltr'>longi</span> 
     </span>
    </p>
   </div>
   <div class='ocr_carea' id='block_1_12' title="bbox 13 3344 27 3488">
    <p class='ocr_par' dir='ltr' id='par_1_12' title="bbox 13 3344 27 3488">
     <span class='ocr_line' id='line_1_29' title="bbox 16 3344 23 3359; baseline 0 0"><span class='ocrx_word' id='word_1_182' title='bbox 16 3344 23 3359; x_wconf 62' lang='lat' dir='ltr'><em>U</em></span> 
     </span>
     <span class='ocr_line' id='line_1_30' title="bbox 13 3427 27 3488; baseline 0 -20"><span class='ocrx_word' id='word_1_183' title='bbox 13 3427 27 3488; x_wconf 64' lang='lat' dir='ltr'>tf.</span> 
     </span>
    </p>
   </div>
   <div class='ocr_carea' id='block_1_13' title="bbox 2 3689 33 3740">
    <p class='ocr_par' dir='ltr' id='par_1_13' title="bbox 2 3689 33 3740">
     <span class='ocr_line' id='line_1_31' title="bbox 2 3689 33 3740; baseline -0.161 -7"><span class='ocrx_word' id='word_1_184' title='bbox 2 3689 33 3740; x_wconf 58' lang='lat' dir='ltr'>rs:</span> 
     </span>
    </p>
   </div>
   <div class='ocr_carea' id='block_1_14' title="bbox 72 3364 985 3464">
    <p class='ocr_par' dir='ltr' id='par_1_14' title="bbox 72 3364 985 3464">
     <span class='ocr_line' id='line_1_32' title="bbox 72 3364 985 3464; baseline -0.005 -21"><span class='ocrx_word' id='word_1_185' title='bbox 72 3365 538 3443; x_wconf 75' lang='lat' dir='ltr'>recesseruntdcommunibus</span> <span class='ocrx_word' id='word_1_186' title='bbox 547 3364 691 3464; x_wconf 85' lang='lat' dir='ltr'>legibus,</span> <span class='ocrx_word' id='word_1_187' title='bbox 708 3390 816 3463; x_wconf 92' lang='lat' dir='ltr'>neque</span> <span class='ocrx_word' id='word_1_188' title='bbox 827 3365 896 3439; x_wconf 91' lang='lat' dir='ltr'>ullo</span> <span class='ocrx_word' id='word_1_189' title='bbox 906 3393 985 3438; x_wconf 87' lang='lat' dir='ltr'>mo·</span> 
     </span>
    </p>
   </div>
   <div class='ocr_carea' id='block_1_15' title="bbox 774 3531 980 3558">
    <p class='ocr_par' dir='ltr' id='par_1_15' title="bbox 774 3531 980 3558">
     <span class='ocr_line' id='line_1_33' title="bbox 774 3531 980 3558; baseline 0 -6"><span class='ocrx_word' id='word_1_190' title='bbox 774 3531 980 3558; x_wconf 48' lang='grc' dir='ltr'>’Μ</span> 
     </span>
    </p>
   </div>
   <div class='ocr_carea' id='block_1_16' title="bbox 4 3625 733 3854">
    <p class='ocr_par' dir='ltr' id='par_1_16' title="bbox 4 3625 733 3854">
     <span class='ocr_line' id='line_1_34' title="bbox 81 3625 733 3729; baseline -0.003 -25"><span class='ocrx_word' id='word_1_191' title='bbox 81 3665 83 3669; x_wconf 93' lang='grc'><em>·</em></span> <span class='ocrx_word' id='word_1_192' title='bbox 126 3625 171 3720; x_wconf 91' lang='lat' dir='ltr'>[l.</span> <span class='ocrx_word' id='word_1_193' title='bbox 195 3628 251 3726; x_wconf 84' lang='lat'>2.]</span> <span class='ocrx_word' id='word_1_194' title='bbox 273 3639 451 3726; x_wconf 47' lang='lat' dir='ltr'>renuldo&gt;</span> <span class='ocrx_word' id='word_1_195' title='bbox 467 3639 545 3724; x_wconf 74' lang='lat' dir='ltr'>vulg.</span> <span class='ocrx_word' id='word_1_196' title='bbox 558 3635 733 3729; x_wconf 48' lang='lat' dir='ltr'>muitum,</span> 
     </span>
     <span class='ocr_line' id='line_1_35' title="bbox 4 3778 339 3854; baseline -0.006 -12"><span class='ocrx_word' id='word_1_197' title='bbox 4 3778 33 3854; x_wconf 67' lang='lat' dir='ltr'>l„</span> <span class='ocrx_word' id='word_1_198' title='bbox 336 3785 339 3792; x_wconf 91' lang='lat'>&#39;</span> 
     </span>
    </p>
   </div>
   <div class='ocr_carea' id='block_1_17' title="bbox 0 0 1380 4742">
    <p class='ocr_par' dir='ltr' id='par_1_17' title="bbox 0 0 1380 4742">
     <span class='ocr_line' id='line_1_36' title="bbox 0 0 1380 4742; baseline 0 5"><span class='ocrx_word' id='word_1_199' title='bbox 0 0 1380 4742; x_wconf 95' lang='lat' dir='ltr'> </span> 
     </span>
    </p>
   </div>
  </div>
 </body>
</html>
