2750 4742
294 348 518 426 HJE'LENAE
549 348 848 427 LAUDATIO.
945 358 1017 447 363

163 492 276 565 Tanta
291 494 550 595 tend-cupiditas
567 496 693 573 incedit
706 497 859 571 laborum
872 504 908 571 dt
921 520 1026 595 expe-

119 610 252 687 ditionis
264 615 372 702 illius,
387 644 456 689 non
466 619 586 694 Gracis
598 620 777 695 tannim&
789 616 956 701 nubam,
967 612 1026 689 sed

121 732 180 805 diis
198 733 317 821 etiam,
329 760 365 810 ut
376 763 419 811 ne
433 736 518 811 filios
529 736 666 836 quidem
678 737 752 811 suos
765 739 937 837 thojani
948 734 1028 809 belli

121 853 361 933 discriminibus
373 884 567 935 averterent.
590 858 679 933 Nam
696 858 847 959 quamvis
858 854 1027 960 ptaevidis-

120 973 165 1047 set
173 976 304 1077 Jupiter
317 978 425 1055 fatum
434 979 631 1080 Sarpedonis
642 1014 653 1065 ‚¹
668 979 798 1053 Aurora
810 976 1027 1063 Memnonis,

120 1097 292 1197 Neptunus
308 1100 438 1197 Cycni,
452 1101 571 1175 Thetis
585 1100 747 1185 Achillis,
769 1124 879 1176 tamen
895 1126 952 1173 eos
967 1126 1027 1173 co·

122 1218 240 1293 hottati
264 1249 339 1295 cum
353 1222 468 1297 ceteris
486 1220 646 1318 emisere3
667 1221 729 1295 tati
749 1220 873 1295 scilicet
886 1221 933 1294 eis
954 1218 1028 1293 fote

77 1366 81 1377 ·
121 1337 392 1442 gloriofiusiipto
402 1341 468 1414 filit
478 1341 571 1423 Jovis
582 1366 764 1443 pugnantes
775 1341 1026 1425 occumberent,

123 1458 1028 1563 quamndomivivetentpericulonzmproilltsuscen

123 1603 228 1681 torum
249 1575 405 1683 expettds.
440 1584 479 1655 Et
504 1581 586 1681 quid
612 1582 725 1657 mitari
748 1606 881 1684 oportet
903 1610 960 1655 eos
981 1580 1026 1655 de

123 1700 193 1773 filiis
212 1700 276 1775 suis
297 1702 341 1774 itd
359 1700 516 1789 statuisse,
533 1730 637 1804 quum
656 1704 714 1805 ipsi
731 1704 790 1777 illo
810 1704 900 1777 bello
919 1702 1026 1777 multd

123 1823 221 1897 atritis
244 1832 280 1897 δι
304 1825 531 1898 vehementiits
556 1824 693 1927 praeliati
713 1825 775 1899 sint
792 1827 894 1926 quim
911 1824 1026 1898 contri

123 1945 303 2047 Gigantes?
316 1946 487 2044 Siquidem
501 1945 653 2041 adventis
667 1947 741 2021 illos
751 1932 1026 2049 nugndmntcon-

20 2152 21 2157 ἵ
120 2066 239 2163 Ῑυηᾶίε
254 2064 398 2163 vitibus3
415 2088 549 2167 propter
572 2064 656 2139 hanc
678 2068 758 2140 vern
777 2065 835 2167 ipsi
855 2065 942 2139 inter
958 2064 1027 2139 sese

121 2184 328 2259 dimicdrunt.

121 2334 224 2404 Locus
237 2340 416 2417 communis
429 2338 466 2404 de
473 2336 734 2429 pulchritudine,
747 2334 835 2426 cujus
838 2333 1028 2435 prastantin

454 2454 698 2557 demonstratur.

172 2604 221 2671 1⁰.
243 2596 348 2671 Reti&
361 2620 470 2669 autem
484 2594 580 2669 &illi
594 2593 639 2669 itd
651 2592 840 2681 senserunt,
854 2604 890 2668 &
901 2594 953 2669 hic
966 2622 1026 2669 nos

120 2716 176 2791 tali
199 2714 489 2817 grandiloquentid
511 2714 560 2789 uti
581 2714 759 2817 potuimus.
787 2713 942 2814 Namque
962 2715 1029 2789 haec

119 2838 301 2912 maximam
322 2828 449 2938 partem
473 2837 587 2910 habuit
605 2834 883 2941 pulchritudinis3
905 2836 969 2939 qud
991 2838 1028 2911 in

119 2961 190 3034 toti
204 2986 315 3033 terum
330 2959 443 3033 natutd
457 2960 542 3049 nihil
555 2963 601 3033 est
615 2960 795 3061 augustius,
811 2958 894 3033 nihil
907 2950 1029 3061 ptetio-

119 3081 203 3166 stus,
220 3079 304 3152 nihil
323 3076 477 3153 divinius.
499 3080 604 3179 Cujus
620 3103 751 3181 quantae
769 3079 832 3153 sint
848 3079 931 3153 vires
951 3080 1030 3153 hinc

119 3202 217 3277 facile
234 3200 438 3303 intelligitur.
463 3204 587 3275 Eorum
603 3202 695 3275 enim
709 3229 780 3301 quae
794 3199 847 3274 vel
860 3199 1029 3273 fortitudi-

119 3352 187 3410 ne,
204 3322 257 3396 vel
271 3321 409 3421 justitid,
430 3322 483 3395 vel
500 3320 656 3425 sapientid
671 3375 682 3406 ,
698 3321 831 3422 praedita
845 3320 941 3405 sunt,
954 3319 1030 3421 plu·

122 3447 208 3518 rima
225 3444 373 3518 invenias
392 3468 450 3544 pet
465 3443 498 3515 se
512 3444 674 3515 honorata
685 3442 789 3542 magis
800 3440 1029 3548 qudmunam·

122 3668 316 3751 interpretatus
332 3660 394 3727 sum
406 3663 492 3727 latine
505 3659 589 3747 quim
601 3662 792 3727 dilucidissime
805 3665 895 3743 potui«
