2750 4742
127 362 999 427 -ψ-η-ᾞ--Ξ

275 590 856 677 A¹RGUMENTUM

185 838 938 913 *BUSIRIDISLAUDAT10N18‚

440 1044 561 1113 incerto
578 1066 700 1114 autore.
745 1084 748 1091 ·

125 1243 171 1344 H
178 1299 249 1342 ruo
264 1284 420 1345 orationem
429 1281 522 1367 scribit
531 1280 663 1346 Isocrates
673 1283 708 1345 ad
717 1282 891 1363 Polycratem
902 1274 1028 1363 ,sophis-

124 1428 175 1469 tam
190 1411 357 1491 quemdam,
375 1432 534 1495 paupertate
550 1412 586 1473 ad
597 1410 752 1473 docendam
767 1408 932 1470 rhetoricam
944 1407 1030 1470 adac-

124 1554 178 1595 tum
187 1560 198 1609 3
215 1538 282 1618 qui,
298 1558 385 1621 quum
401 1530 500 1622 genere
512 1537 684 1599 Atheniensis
701 1537 786 1609 esset,
803 1557 869 1599 tunc
887 1538 916 1597 in
933 1541 1030 1617 Cypro

124 1660 246 1727 docebat.
279 1664 322 1725 Ad
337 1664 426 1747 ipsum
443 1684 535 1727 autem
551 1664 646 1727 scribit
662 1686 795 1749 tanquam
814 1666 938 1735 amicus,
955 1681 1031 1723 utta

122 1792 176 1867 ejus
186 1806 275 1849 errata
287 1791 433 1875 corrigeret
441 1811 503 1873 quar
516 1793 546 1851 in
556 1791 729 1852 orationibus
741 1789 1031 1859 duabus,laudatione

122 1914 245 1977 Busiridis
256 1924 284 1977 δι
295 1914 467 1978 accusatione
478 1913 974 1991 Socratis,admiserat.Hirenirntst
982 1915 1033 1995 qui

30 2126 31 2129 Ἴ
122 2046 212 2123 Anyto
229 2052 257 2105 tr
276 2042 379 2103 Melite
396 2062 458 2105 eam
470 2045 626 2105 orationem
643 2042 829 2127 suppeditavit
841 2040 898 2125 qut
910 2049 1034 2108 Socrates

123 2145 217 2251 capitis
231 2166 372 2231 accusatus
382 2167 431 2230 est.
449 2170 534 2233 illurn
549 2172 633 2253 porro
644 2172 841 2235 criminabatur
852 2167 928 2253 qudd
944 2187 1034 2229 novos

123 2300 196 2357 Deos
206 2296 279 2377 apud
291 2293 470 2359 Athenienses
481 2298 682 2373 introduceret,
693 2319 777 2383 arque
785 2298 910 2359 aviculas
918 2304 946 2357 δι
954 2314 1035 2357 canes

124 2430 150 2483 δι
159 2427 219 2503 ejus
227 2424 335 2505 generis
346 2422 402 2483 alia
413 2422 470 2482 coli
481 2421 605 2501 juberet,
619 2442 703 2507 atque
715 2421 780 2485 hinc
789 2428 903 2504 juvenes
913 2418 1035 2503 discipu·

123 2549 164 2609 los
185 2566 377 2633 corrumperet.
403 2548 596 2629 Quarsrverunt
616 2546 731 2631 quidam
755 2570 804 2609 eur
825 2548 957 2611 Isocrates
971 2560 1036 2607 nen

28 2680 30 2703 '
106 2672 217 2755 ‘aperti
234 2670 329 2734 contri
347 2673 427 2733 illum
446 2674 570 2733 oratione
587 2668 750 2755 disputdrit:
769 2692 839 2734 anne
853 2672 896 2732 illi
915 2673 1035 2754 pepercit

28 2770 30 2845 2
125 2800 339 2864 adolescentium
351 2800 501 2886 magistro?
514 2800 722 2882 Respondemus
732 2822 795 2861 eum
811 2802 881 2860 iram
892 2798 947 2860 esse
960 2799 1036 2862 ueti-

28 2954 29 2959 ¹
102 2928 410 3000 'tumAtbenienfium,
418 2931 467 3011 qui
475 2924 944 2990 Socratemtecenscondemnisrant.
952 2924 1038 2990 vide·

168 3298 208 3369 (l.
225 3319 257 3375 ¹3
273 3306 301 3359 δι
317 3298 384 3375 tp)
404 3295 472 3369 Ε”ιγι
486 3300 579 3379 accipe
592 3294 638 3355 hic
650 3294 725 3378 quast
737 3313 832 3354 notam
847 3292 1042 3374 interrogatio-

128 3403 185 3461 nis:
199 3421 249 3483 pro
261 3398 308 3472 ripe
318 3400 399 3460 malit
407 3398 514 3461 Volfius
524 3396 545 3460 ἴ.
564 3394 733 3464 dedocendae,
743 3394 883 3475 magistri,
894 3394 914 3454 i.
925 3414 949 3454 e.
961 3392 1043 3471 Poly·

129 3508 210 3566 crutis
227 3506 277 3586 qui
295 3502 424 3587 magister
441 3522 520 3576 etat,
537 3512 564 3562 &
583 3482 768 3567 adolescentes
781 3495 924 3557 erudiebat
936 3494 971 3554 ad
984 3494 1045 3553 eio‘·

133 3612 286 3692 quentiam.
310 3614 412 3695 Ignoto
430 3607 499 3692 quid
516 3606 566 3669 srbi
583 3607 682 3669 velit&
696 3602 772 3689 quod
784 3598 924 3684 sequitur,
942 3596 1045 3660 sedhic

135 3710 319 3793 sensuspatet.
964 3716 968 3725 ’
