2750 4742
209 360 480 443 BUSIRIDIS
514 363 819 446 LAUDATIO.
892 396 960 467 405

66 508 182 609 nequit.
205 514 340 617 Quippe
351 514 452 587 etiam
465 541 553 587 nunc
565 514 624 615 qui
639 514 727 588 illius
743 514 918 617 discipulos
930 516 966 591 se
1043 560 1048 565 ·

66 628 126 705 effe
137 633 354 733 profitentur,
375 662 432 709 eos
451 638 555 738 magis
580 636 781 712 admiramur
801 663 967 727 tacentes,

66 754 158 850 quam
172 754 252 827 alios
263 754 459 855 eloquentiae
471 756 575 859 glorid
586 738 867 859 praestaitiffimos.

435 883 587 972 Objeflio.

109 995 253 1069 Fortaffis
269 1020 402 1085 autem,
420 999 441 1072 ὃ
458 1000 664 1097 Polycrates,
685 1002 726 1075 iis
737 1030 809 1102 quae
823 1001 965 1078 diximus

66 1142 227 1203 occurres,
241 1146 296 1192 me
311 1120 483 1221 regionem
497 1122 652 1221 quidem,
671 1132 707 1197 &
722 1123 829 1225 leges,
846 1132 883 1197 &
896 1124 966 1224 pie·

66 1259 185 1323 tatem,
208 1248 243 1313 &
264 1238 458 1340 sapientiam
479 1244 710 1345 AEgyptiorum
731 1244 883 1342 laudate3
906 1237 966 1318 sed

65 1382 167 1431 earum
182 1386 293 1433 rerum
306 1387 383 1435 eum
394 1362 457 1437 effe
469 1388 618 1439 autorem
632 1366 674 1439 de
688 1392 756 1465 quo
769 1365 878 1467 dicere
887 1390 965 1469 pto-

65 1477 170 1575 posui,
190 1479 283 1553 nullo
295 1482 402 1555 modo
414 1483 640 1567 demonstrare
653 1484 755 1585 posse.

422 1609 603 1709 Responfio.

109 1730 155 1795 1⁰.
173 1724 245 1824 Ego
263 1728 361 1812 verb,
377 1726 400 1800 st
414 1728 489 1827 quis
502 1727 581 1801 alius
591 1727 698 1803 'verba
709 1754 783 1801 mea
796 1727 966 1829 srcargue-

66 1864 129 1927 tet,
150 1844 278 1917 erudite
300 1873 355 1919 me
381 1846 422 1920 ab
443 1873 484 1919 eo
500 1847 697 1953 reprehendi
714 1873 886 1950 putarem:
908 1846 966 1921 sed

67 1962 118 2035 tibi
132 1965 179 2036 itd
193 1968 415 2065 argumentari
430 1966 522 2043 nefas
538 1970 592 2041 est.
617 1971 733 2060 Quum
744 1970 836 2043 enim
847 1968 967 2041 Bufiti-

67 2082 133 2156 dem
149 2084 302 2161 voluiffes
315 2087 470 2175 laudare,
489 2088 597 2163 dicere
616 2115 685 2161 non
704 2087 857 2163 dubitasti
877 2071 966 2162 hune

66 2206 195 2307 coegiffe
205 2207 326 2281 Nilum
336 2232 372 2282 ut
382 2210 553 2311 regionem
562 2208 965 2295 circumflueret‚&erte·

65 2354 110 2401 ros
122 2331 238 2430 quieb
253 2330 458 2404 adveniffent
475 2327 664 2423 devotaffe3
682 2356 744 2403 nec
753 2328 859 2403 ullum
868 2358 965 2431 argu-

65 2476 208 2525 mentum
232 2478 300 2551 quo
325 2452 516 2553 probaretur
537 2450 605 2522 haec
630 2449 671 2521 ab
696 2476 738 2523 eo
765 2449 829 2523 effe
853 2450 962 2536 faeta,

65 2556 227 2670 protulisti.
252 2574 377 2647 Nonne
396 2572 496 2674 igitur
510 2570 683 2643 ridiculum
699 2570 798 2644 fuerit
814 2597 853 2643 ea
870 2596 902 2645 te
919 2570 962 2646 ab

65 2694 124 2768 aliis
147 2694 311 2796 postulare
333 2722 405 2795 qux
425 2718 461 2768 tu
478 2692 646 2795 prestitisti
663 2719 708 2765 ne
727 2692 866 2765 minime
885 2691 963 2794 qui-

64 2815 158 2891 dem?
184 2816 316 2893 Vertim
333 2820 373 2890 eb
388 2816 520 2919 longius
533 2815 602 2917 ipse
617 2816 720 2915 quim
739 2842 802 2916 ego
817 2817 836 2888 d
852 2815 962 2889 credi-

64 2936 175 3029 bilibus
198 2938 348 3013 dicendis
369 2942 403 3012 e‘s
425 2964 596 3025 remotus,
618 2938 711 3039 qubd
734 2963 797 3039 ego
823 2938 962 3038 quidem
999 2928 1003 2935 ’

64 3058 138 3131 nihil
154 3060 205 3133 illi
219 3059 425 3134 attribuerim
443 3060 535 3159 quod
551 3058 622 3131 fieri
642 3081 806 3157 nequeat,
824 3083 858 3130 at
873 3053 962 3159 leges

64 3182 300 3283 &reipublice
326 3182 619 3270 constitutionem„
645 3206 717 3279 quae
740 3182 960 3280 prestantium

63 3300 204 3378 virorum
230 3330 331 3405 opere
358 3303 454 3381 sunt:
480 3327 515 3377 tu
538 3304 617 3377 verb
637 3301 753 3377 talium
774 3295 961 3378 facinorum

63 3597 104 3659 sed
121 3590 216 3667 aiam
232 3592 305 3668 ὖναι
320 3602 436 3683 λέγω,
457 3598 612 3675 ascribere,
632 3599 700 3675 vel,
720 3598 838 3686 tribuere
856 3596 966 3680 aliquid
1058 3583 1061 3587 Δ

63 3699 145 3765 alicui.
494 3700 495 3706 ’
933 3698 936 3702 ’

629 3740 818 3902 ⁴'ccirj
