2750 4742
263 393 359 471 ‘nr
398 392 562 469 naen
602 392 872 471 orario,
966 392 1034 492 ,γι

100 534 241 611 tatibus
251 536 485 639 obsequuntur.
508 538 585 634 Qud
597 538 640 613 de
653 540 746 613 causi
760 546 832 640 jure
843 532 1034 641 aliquisvos

100 658 388 757 reprehenderit,
403 660 494 760 qubd
506 714 517 746 ‚
530 687 635 759 quum
646 660 753 735 sciatis
762 661 881 735 multar
891 668 928 735 δι
938 688 1034 761 magb
1132 708 1136 715 -

103 805 181 852 nas
197 778 332 858 familias
352 783 394 859 ab
411 783 633 857 adulatoribus
653 780 921 869 subversas-elle,
943 792 980 858 δι
996 785 1034 859 iu

104 902 254 1001 privatis
263 914 264 917 ’
273 904 369 979 rebus
381 933 438 978 eos
446 904 588 979 ¹oderitis
601 904 660 1005 qui
673 904 740 977 hoc
750 898 866 977 animo
876 903 975 989 sunt,
995 904 1033 978 in

105 1022 380 1125 republicletgd
392 1024 533 1101 eosdem
550 1050 620 1097 non
634 1025 756 1101 eodem
768 1024 873 1101 modo
885 1024 951 1099 fitis
963 1025 1035 1099 ani·

107 1144 225 1241 mati3
242 1143 300 1217 sed
312 1172 417 1243 quum
433 1146 678 1247 reprehendatis
690 1146 767 1220 istos
779 1146 838 1245 qui
851 1146 940 1219 vitos
948 1142 1034 1243 ejus·

111 1264 217 1337 modi
236 1265 438 1353 admittunt,
459 1292 641 1366 eorumque
664 1265 901 1340 consuetudine
923 1264 1033 1347 delec-

113 1408 251 1471 tantur,
268 1414 329 1460 vos
347 1385 435 1487 ipsos
451 1411 604 1489 appareat
618 1388 691 1488 plus
704 1386 769 1459 illis
783 1385 915 1459 credere
930 1384 1033 1483 quim

113 1506 253 1605 reliquis
265 1506 406 1582 civibus.
431 1510 564 1583 Etenim
583 1508 642 1611 ipsi
661 1508 811 1583 effecistis
831 1532 868 1580 ut
886 1530 1032 1596 otather

113 1653 193 1701 non
217 1652 254 1703 ea
274 1628 478 1704 meditentur
501 1640 537 1705 δι
555 1630 728 1735 erquitant
754 1657 826 1730 quae
849 1626 1032 1728 reipublicae

112 1747 182 1821 fint
190 1748 381 1849 profutura,
399 1749 457 1824 sed
470 1775 506 1825 ut
521 1752 687 1825 orationes
701 1751 845 1825 habeant
856 1749 951 1831 vobis
961 1747 1034 1849 pla·

112 1870 264 1943 citutas:
293 1871 336 1945 ad
356 1900 436 1971 quas
462 1873 564 1947 etiam
584 1900 672 1947 nunc
701 1873 868 1949 habendas
895 1873 1032 1945 istorum

114 1990 225 2064 multa
232 1992 326 2065 'turba
336 1992 685 2082 confluxit20mnibus
695 1991 1034 2095 quipplmanifestum

115 2114 165 2184 est
183 2140 243 2185 vos
263 2113 302 2186 iis
318 2113 446 2188 studete
459 2114 563 2215 magis
578 2114 636 2215 qui
651 2102 693 2188 ad
709 2114 836 2189 bellum
850 2112 1032 2187 adhorten-

117 2258 197 2320 tur,
217 2236 314 2335 quim
329 2236 379 2310 his
398 2238 456 2337 qui
470 2236 586 2339 pacem
601 2233 768 2312 suadeant.
788 2238 878 2310 Nam
894 2234 945 2309 illi
956 2234 1034 2335 qui-

115 2356 202 2469 ‘dem
216 2357 309 2459 spem
330 2357 456 2463 faciunt
473 2386 535 2433 nos
553 2364 606 2432 'eas
626 2348 834 2464 polsessiones
849 2382 1034 2458 recepturos
1161 2444 1167 2462 .

113 2506 192 2579 quae
214 2477 292 2551 ‘sunt
313 2478 353 2549 in
374 2478 508 2553 urbibus
528 2480 672 2564 Graecis,
694 2489 730 2553 &
751 2506 827 2552 eam
848 2476 1034 2579 potentiam

113 2624 368 2700 recuperaturos
380 2620 482 2698 qnam
497 2596 586 2699 ptius
602 2598 788 2673 tenuimus:
806 2599 844 2671 hi
857 2600 937 2671 verb
950 2592 1035 2668 nihil

116 2718 288 2821 ejusmodi
299 2723 484 2805 ostentant,
503 2718 561 2793 se'd
581 2718 805 2823 dicmrtqub'd
822 2720 952 2819 quietos
970 2716 1035 2791 elle

117 2862 297 2942 oporteat,¹
316 2864 443 2913 nectes
459 2866 595 2941 magnas
608 2864 723 2941 praeter
736 2849 790 2939 {us
800 2862 981 2941 appetere,
1001 2860 1036 2911 at

15 2980 16 3071 l
117 2960 160 3033 iis
178 2984 355 3049 contentos
368 2955 432 3033 effe
447 2987 518 3059 quae
534 2956 674 3056 adsum3
691 2960 784 3061 quod
793 2959 957 3062 plerisque
969 2960 1036 3033 hob

15 3077 17 3161 l
116 3082 269 3163 minibus
281 3082 436 3155 omnium
448 3078 538 3155 fadtu
553 3076 790 3163 difficillimum
802 3085 859 3159 est.
880 3083 932 3156 Sic
944 3081 1037 3155 enim

16 3196 17 3199 ¹
120 3203 140 3277 d
155 3203 214 3305 spe
230 3203 378 3305 plerique
393 3204 597 3305 pendemus,
617 3216 654 3280 δι
670 3206 847 3282 insatiabili
858 3205 1037 3307 cupiditate

16 3446 17 3451 ’
120 3460 174 3505 re,
191 3436 300 3499 studete
312 3456 355 3519 ut.
379 3471 384 3478 .

176 3518 224 3612 [1.
248 3520 327 3615 ²4]
351 3544 406 3597 Pro
425 3510 633 3615 ν’τλεμμιλάας
650 3534 728 3618 quod
743 3532 827 3594 babet
841 3533 920 3617 vulg.
937 3510 1036 3611 conje-

112 3652 203 3696 ·tetat
223 3632 332 3696 vmfins
350 3634 501 3719 legendum
519 3631 572 3695 elle
592 3627 766 3718 πλιονιξίας
775 3658 787 3708 3
806 3630 1037 3713 hinetonjeffil·

16 3734 17 3759 l
101 3754 190 3822 duram
202 3732 264 3807 vidi
277 3731 473 3805 ‚confirmatam
487 3734 517 3795 in
530 3732 596 3797 eod.
607 3743 641 3796 K.
870 3772 872 3777 ·
