2750 4742
277 351 797 431 PANATHENAICUS.
918 381 989 452 477

34 601 35 604 Ἴ
102 475 177 601 tli'gii
185 499 253 600 plus
271 499 394 574 habent
406 501 506 601 quim
520 501 668 576 utilitatis
685 503 839 602 publieae,
853 501 990 602 despec‘·

101 625 150 708 tis,
161 622 331 698 exercitum
348 623 526 708 contraxit,
543 631 580 696 &
592 624 706 696 contri
718 623 876 697 Barbaros
886 621 990 696 duxit.

101 742 169 838 Qus
192 742 399 842 expeditione
420 745 544 816 'constat
567 743 694 816 nullam
715 743 992 844 praestantiorem,

99 885 147 934 aut
159 863 273 938 Graecis
290 863 480 957 utiliorem,
499 864 518 936 ὲ
535 863 670 941 nemine
685 861 778 936 titisse
789 861 992 963 susceptam,

98 983 143 1056 vel
171 984 457 1058 celeberrimorum
485 983 571 1057 illius
600 985 727 1068 aetatis,
761 984 814 1058 vel
839 985 992 1056 omnium

97 1103 196 1202 postei
214 1128 376 1177 natorum.
396 1106 479 1196 Quae
497 1130 602 1203 quum
624 1103 681 1176 ille
703 1103 840 1187 fecerit,
865 1109 901 1175 &
921 1103 992 1174 aliis

97 1221 235 1295 facienda
247 1222 444 1307 ostenderit,
461 1248 530 1296 non
541 1221 586 1295 iti
596 1221 774 1294 celebratus
784 1225 829 1294 est
839 1245 992 1294 utmere-

98 1340 200 1428 batur,
220 1369 336 1414 eorum
347 1342 440 1442 culpi
453 1343 511 1441 qui
523 1367 676 1443 portenta
689 1343 875 1427 beneficiis,
892 1369 991 1414 men-

97 1460 178 1534 dacia
193 1461 345 1554 veritati,
361 1461 555 1562 praeserunt3
578 1463 731 1562 tantique
745 1463 922 1564 prestantis
939 1462 990 1536 vir
1034 1467 1038 1484 '

97 1582 249 1654 minorem
273 1582 547 1655 existimationem
567 1586 612 1655 est
633 1583 823 1657 consecutus
842 1583 941 1683 quim
963 1579 989 1655 ii

34 1769 36 1774 ,
96 1703 147 1800 qui
157 1713 218 1777 nec¹
226 1702 351 1776 imitari
365 1703 473 1804 ipsum
485 1704 560 1778 sunt
572 1704 647 1779 ausi.
674 1741 676 1749 ’
862 1691 865 1696 ’

110 2287 113 2294 ’
136 2163 250 2288 Neque
264 2167 985 2296 veropropterherrantltmlaudandusest‘,
1038 2290 1042 2308 Ι

95 2306 144 2380 sed
168 2309 211 2381 ob
235 2337 273 2382 ea
295 2307 394 2381 eriam
416 2336 486 2407 quae
510 2310 593 2382 circel
621 2307 713 2384 idem
737 2335 864 2411 tempus
885 2312 987 2412 gessit.
1038 2319 1041 2329 '

60 2503 62 2513 ι
94 2431 172 2502 Nam
182 2456 270 2506 tanta
282 2432 318 2502 in
330 2459 370 2502 eo
381 2430 443 2504 fuir
453 2433 726 2532 magnanimitas,
740 2455 777 2504 ut
789 2433 820 2517 ei
830 2458 900 2504 non
912 2419 987 2508 satis

94 2550 162 2622 esser
173 2552 292 2624 milites
305 2554 436 2651 privatae
450 2551 649 2624 conditionis
662 2549 834 2650 delegisse,
851 2575 934 2647 quot
947 2573 987 2622 ex

92 2655 214 2778 urbibus
232 2672 364 2774 srngulis
383 2673 512 2768 voluit;
532 2672 647 2746 'verum
663 2673 763 2745 etiam
780 2671 909 2772 regibus
929 2672 988 2770 qui

92 2792 123 2863 in
135 2792 190 2866 suo
205 2773 353 2894 ipsorum
366 2793 507 2894 imperio
521 2792 645 2866 faciunt
654 2801 726 2891 quae
738 2791 857 2876 libeir,
870 2801 905 2866 &
917 2787 988 2864 aliis'
1043 2801 1049 2808 ’

89 2915 266 3026 imperant,
290 2913 481 3014 persuaserit
504 2923 544 2986 ur
560 2911 618 3014 stbi
644 2913 783 3011 subjesli
804 2911 927 2998 essent,
949 2921 986 2986 &
1039 2922 1048 2940 ’
1107 3012 1110 3022 ¹

90 3041 195 3112 contrrl
209 3037 435 3139 quoscumque
451 3035 587 3110 duxisset
601 3035 837 3134 sequerentur,
855 3044 890 3107 &
900 3032 987 3106 face-

89 3165 155 3230 re‘nt
181 3161 367 3260 imperata,
387 3166 431 3230 δε
456 3157 581 3255 regiam
609 3155 713 3227 viram
735 3153 870 3226 militati
892 3180 987 3228 more

87 3277 367 3379 degerent,'atque
378 3276 509 3376 insuper
518 3275 660 3375 pericula
672 3275 803 3346 'adirent
816 3284 851 3348 &
861 3275 987 3347 bellum

87 3401 250 3497 gererent,
264 3427 332 3471 non
345 3425 406 3499 pro
416 3396 471 3468 suri
483 3394 630 3496 ipsorum
639 3394 784 3495 patrii&
796 3387 919 3492 regno,
930 3392 988 3466 sed
1034 3382 1037 3388 ¹

88 3518 182 3591 verbo
206 3518 345 3616 quidem
367 3543 428 3617 pto
453 3514 606 3600 Heleni,
631 3513 781 3586 Menelai
806 3538 906 3584 uxore
919 3515 937 3596 ,ἶ
953 3538 989 3585 re
1036 3561 1042 3571 ·

88 3637 289 3717 autemuerl
311 3663 355 3712 ne
369 3636 503 3710 'Graecia
525 3659 688 3738 pateretur
704 3636 723 3708 l
741 3631 913 3746 Barbarie,
934 3633 988 3736 vel
