2750 4742
952 284 959 313 l

221 355 496 433 rvnoonn
529 352 828 433 rnuonrro
899 380 973 452 ,ιι

107 498 192 573 irture
193 501 352 601 opposita
372 503 485 575 contra
502 529 670 604 apparatus
692 504 759 577 tim
775 500 977 587 iwensos,

89 528 106 572 v

34 618 141 693 le'
133 647 163 691 tn
183 622 230 693 his
249 624 355 697 multb
370 625 508 725 praebuit
530 624 812 699 admirabiliorem
828 624 928 723 quam
941 624 978 695 in

86 768 119 812 us
130 742 277 816 omnibus
290 772 360 844 quae
375 745 469 846 suprd
482 744 571 819 diua
586 743 669 817 sunt.
687 745 783 818 Dalm
797 745 889 818 enim
901 769 978 817 eum

87 888 152 961 pate
164 862 226 935 frui
239 865 463 965 patiebantur,
475 864 568 939 suam
582 865 676 965 ipfius
691 865 806 939 urbem
821 865 978 939 duntaxat

34 888 202 1070 habuit.
194 989 390 1085 postquam
407 1010 518 1059 autem
532 1012 709 1088 coegerunt
726 986 867 1088 seipsum
881 986 979 1059 armis

34 1102 272 1192 dfendere
301 1108 373 1180 talis
397 1108 465 1208 ipse
489 1107 574 1193 fuit,
597 1109 718 1207 talique
740 1107 889 1211 adjutore
908 1107 978 1179 filio

34 1207 249 1327 iProtagora
273 1226 345 1301 usus
368 1231 441 1315 est,
467 1253 503 1302 ut
528 1256 643 1331 parum
663 1226 784 1301 abesset
809 1229 891 1328 quin
912 1228 980 1301 tota

34 1447 35 1450 Ἴ
34 1350 186 1449 Cypro
197 1351 366 1451 potiretur.
378 1352 583 1425 Phoeniciam
598 1378 677 1425 vero
656 1352 839 1435 vastavit,
851 1352 980 1447 Tyrum
996 1394 1000 1398 ·

34 1417 35 1538 Ξ
89 1469 208 1569 vicepit
219 1471 401 1557 yCiliciam
414 1473 456 1545 ad
468 1469 694 1544 defedlionem
707 1471 726 1543 d
738 1496 813 1571 rege
827 1470 981 1571 impulit,

34 1601 35 1672 l
89 1612 264 1690 tantamque
282 1594 425 1666 hostium
441 1596 579 1694 stragem
595 1592 725 1678 edidit,
742 1616 777 1665 ut
791 1592 888 1665 multi
903 1595 982 1665 Per-

89 1706 181 1781 sarum
194 1711 250 1783 sua
265 1713 353 1785 mala
370 1710 579 1814 deplorantes
596 1714 753 1786 virtutem
772 1711 858 1786 illius
875 1739 983 1786 recor-

90 1826 217 1927 dentur3
240 1832 375 1906 tandem
391 1860 447 1907 eos
466 1835 512 1907 ital
530 1833 620 1906 bello
634 1833 785 1917 satiavit,
802 1856 860 1917 ut,
879 1860 985 1931 quum

91 1948 159 2022 Alia
172 1978 261 2052 reges
277 1953 435 2051 superiori
453 1978 601 2054 ternpore
615 1981 685 2026 non
703 1956 778 2027 ante
794 1952 984 2027 consuevis-

34 2155 35 2174 χ
90 2068 261 2146 sentredire
276 2075 311 2145 in
323 2076 463 2174 gratiam
474 2102 549 2149 cum
561 2076 600 2148 iis
611 2078 669 2175 qui
678 2074 866 2149 defecerant
881 2074 984 2175 quim

91 2194 264 2292 corporibus
284 2221 400 2269 eorum
416 2194 518 2269 elsent
532 2197 651 2296 potiti,
671 2196 789 2297 cupide
803 2221 919 2295 pacem
932 2192 985 2267 fe-

34 2309 36 2328 ’
91 2314 198 2398 cerint,
212 2314 318 2389 soluti
330 2343 417 2390 nunc
432 2319 504 2419 lege
520 2318 592 2403 illa,
608 2327 642 2391 δι
656 2317 741 2389 nihil
755 2339 882 2390 mutato
902 2316 986 2388 Eva*

34 2465 35 2534 ss
92 2460 163 2532 gorae
179 2437 329 2538 imperio.
350 2440 402 2512 Ac
417 2441 674 2514 Lacedaemoniis
690 2440 849 2540 quidem,
871 2436 930 2537 qui
947 2464 985 2510 ea

34 2603 35 2655 Ξ
93 2561 265 2657 tempestate
278 2568 314 2632 &
331 2559 435 2660 glorid
447 2570 483 2634 &
499 2559 646 2659 potentini
660 2558 883 2643 excellebant,
900 2557 986 2631 intrd

34 2717 35 2743 r
94 2678 256 2753 triennium
273 2682 467 2754 Artaxerxes
479 2682 599 2781 eripuit
610 2682 805 2782 imperium3
818 2706 893 2753 cum
904 2680 988 2757 Eva-

34 2859 35 2900 ἰ
53 2883 56 2889 Ι
93 2824 160 2895 gora
170 2804 247 2874 verb
257 2829 363 2901 quum
379 2802 504 2875 bellum
516 2800 652 2903 geffiffet
663 2829 721 2903 per
733 2802 848 2875 decem
862 2826 987 2885 annos,

34 3008 35 3014 ἵ
93 2920 196 2994 eadem
215 2923 265 2995 illi
285 2923 418 3022 reliquit
440 2923 594 2995 habenda
614 2952 685 3023 quae
708 2920 864 2997 habuerat
881 2920 988 3022 prius-

34 3019 35 3108 Ξ
94 3068 180 3138 quam
201 3045 242 3118 ad
268 3073 358 3118 arma
379 3057 515 3120 ventum
538 3044 626 3119 effer.
657 3046 699 3117 Et
719 3044 812 3143 quod
835 3042 990 3117 omnium

34 3399 35 3402 ’
97 3380 201 3476 dautran
221 3392 407 3475 luarltoer‘lo,
429 3392 583 3473 λύσανΊες,
603 3390 781 3469 turricellam
801 3393 848 3455 sed
865 3394 936 3455 refer
952 3391 990 3453 ad

34 3521 35 3558 ι
90 3506 178 3577 -rkgem
192 3497 336 3557 Persarum
350 3500 381 3556 in
395 3495 477 3557 seusu
489 3500 608 3573 autoris,
622 3493 695 3577 apud
705 3516 789 3578 quem
802 3492 902 3553 deind&
914 3492 991 3575 legi-

84 3608 135 3657 ,tur
147 3585 268 3674 dpaina'lt
280 3640 292 3671 ,
304 3589 478 3667 taline-ott,

660 3753 948 3840 ‘vn
