2750 4742
261 278 480 353 HELENAE
506 276 804 353 LAUDATIO.
914 306 927 372 3
938 304 978 373 39

268 478 787 549 Courrrrrrnrro.

133 664 157 737 l.
178 665 349 741 Orationis
359 694 469 742 autem
479 668 679 743 exordiuml
693 666 875 769 primordio
887 692 987 767 gene-

94 786 129 856 ris
147 785 238 885 ipfius
260 788 390 863 ducam.
418 790 508 861 Nam
531 816 636 887 quum
656 788 794 871 semidei
814 785 986 887 plurimid

35 893 36 983 l
92 903 168 982 Jove
191 910 353 1006 procreati
375 908 461 993 sint,
487 907 587 981 solius
610 908 705 1007 hujus
731 906 875 980 mulieris
898 930 988 1005 pater
1085 954 1089 962 ,

93 1026 193 1097 vocari
208 1027 335 1101 voluit:
356 1038 391 1101 &
403 1029 553 1127 quamvis
563 1028 606 1100 dc
616 1026 785 1099 Alcmenae
798 1026 869 1097 filio
883 1025 989 1097 maxi·

92 1147 139 1217 me
151 1146 226 1219 esset
239 1148 412 1234 sollicitus,
431 1150 522 1221 tantb
536 1150 639 1247 magis
653 1174 717 1246 prae
732 1146 871 1219 Hercule
885 1145 990 1219 Hele-

93 1293 165 1339 nam
175 1269 363 1355 honoravit,
372 1294 407 1343 ut
417 1270 467 1342 illi
476 1266 576 1343 robur
587 1269 716 1346 dederit
725 1268 817 1369 quod
825 1270 990 1342 vicetetos

91 1414 200 1497 omnes
220 1390 349 1463 vincere
368 1392 494 1489 pocest3
515 1390 590 1460 huic
608 1388 885 1489 pulchritudinem
899 1388 993 1461 attri-

45 1592 51 1607 ·
93 1506 192 1579 buerit
203 1535 273 1605 quae
284 1508 340 1609 ipsi
356 1509 468 1581 robori
479 1508 562 1581 solet
573 1510 744 1608 imperare.
756 1511 871 1601 Quum
882 1532 993 1581 autem

35 1658 36 1731 p
94 1626 181 1699 sciret
195 1655 266 1699 non
282 1626 392 1728 quiete
408 1637 444 1701 δε
460 1628 554 1712 otiu,
576 1627 633 1700 sed
651 1627 745 1701 bellis
758 1636 794 1701 dc
807 1629 994 1703 certamini·
1024 1682 1027 1687 -

95 1746 170 1832 bus,
190 1748 399 1848 splendorem
420 1748 694 1840 &celebritatem
711 1751 912 1851 comparari,
933 1776 994 1823 nec

94 1868 187 1942 vellet
206 1870 335 1943 tannim
352 1871 499 1971 ipsorum
513 1899 651 1974 corpora
671 1873 708 1945 in
723 1874 876 1947 Deorum
893 1896 994 1945 cretus

35 1997 36 2080 l
95 1990 232 2077 referre,
253 1991 311 2065 sed
334 1994 472 2065 nomina
487 2018 611 2067 aetetnae
634 1994 811 2066 hominum
826 1995 994 2067 memoriae

35 2093 36 2168 Ῑ
96 2112 349 2196 commendare,
375 2112 504 2185 alterius
523 2113 627 2187 vitam
650 2112 758 2185 effecit
775 2112 939 2187 laboribus
957 2123 993 2187 δε
1022 2212 1025 2217 ¹

35 2297 36 2300 ,
93 2232 238 2331 periculis
252 2231 400 2332 plurimis
411 2232 610 2327 obnoxiam3
625 2232 755 2307 alterius
766 2231 909 2306 formam
921 2232 993 2307 ubi-

92 2380 154 2451 que
170 2353 380 2453 conspicuam
392 2352 585 2452 &pluribus
600 2352 677 2426 viris
690 2354 907 2452 expetendam
918 2353 992 2427 red·

35 2517 36 2566 3
92 2472 183 2546 didit.

35 2605 36 2638 i
742 2664 747 2673 .

138 2724 181 2794 1¹1.
204 2722 256 2793 Ac
272 2721 416 2821 primum
428 2718 594 2805 Theseus,
613 2716 721 2792 dietus
733 2718 869 2817 quidem
879 2722 990 2824 AEgei,

93 2868 125 2915 re
147 2866 257 2913 autem
277 2844 353 2914 verl
368 2841 517 2942 Neptuni
530 2839 642 2923 filius,
663 2837 865 2939 conspicatus
887 2842 991 2943 ipsam

94 2963 244 3036 nondum
255 2962 420 3047 adultam,
436 2986 470 3033 at
481 2970 549 3060 jam
563 2958 670 3032 formrl
684 2959 754 3031 aliis
766 2964 990 3060 prostantem,

93 3083 194 3181 usque
214 3082 299 3153 adeo
319 3090 387 3179 ejus
408 3079 651 3181 pulchritudine
674 3080 778 3153 vidus
800 3083 846 3153 est
861 3134 873 3166 ,
890 3084 917 3155 is
935 3086 994 3183 qui

93 3205 173 3275 alios
185 3204 316 3273 vincere
325 3200 470 3287 solebat,
484 3226 519 3274 ut
529 3254 540 3287 ,
552 3201 702 3300 quamvis
711 3201 849 3300 patriam
860 3202 995 3285 haberet

95 3323 321 3423 ampliffimam
340 3330 376 3394 &
398 3347 535 3421 regnum
557 3322 771 3405 tutiffimum‚
794 3325 831 3391 in
853 3323 995 3422 praesen·

96 3448 180 3519 ribus
196 3470 306 3517 tamen
323 3443 421 3515 bonie
438 3471 506 3514 non
520 3470 626 3543 operte
641 3441 783 3543 pretium
804 3442 867 3515 ess'e
885 3445 999 3543 vivere

40 3650 42 3653 v
98 3570 279 3641 existimans
293 3564 358 3646 stne
372 3568 467 3665 hujus
480 3564 736 3653 confitendae,
750 3592 854 3665 quum
860 3568 997 3668 ipsamrl

770 3684 803 3755 Y
822 3686 846 3783 ij
