2750 4742
273 345 810 426 uruuruuumcus
928 351 1004 440 4⁸7

85 488 219 564 oriundi
232 519 274 566 ex
284 495 405 570 eodem
414 495 510 580 loco,
526 492 751 566 communiter
762 518 840 565 curn
850 489 890 564 iis
901 502 1000 591 expe-

86 609 253 688 ditionem
265 615 487 718 susceperant,
496 623 533 690 &
542 613 661 688 eadem
668 613 836 688 subierant
844 613 999 715 pericula.

87 731 140 805 De
154 734 294 837 Argivis
308 738 476 838 loquor&
488 735 680 822 Messeniis,
699 764 785 836 quos
798 734 919 811 iisdem
931 734 1001 811 cla-

88 852 182 928 dibus
198 858 322 956 quibus
342 859 439 947 illos,
454 857 582 934 afficere
595 858 796 932 studuerune
817 857 869 934 Ac
882 854 1006 932 Messe-

88 975 159 1050 nios
186 979 329 1076 quidem
354 1007 425 1054 non
453 981 542 1083 prius
570 981 764 1059 destiterunt
785 1005 1006 1080 oppugnare»

25 1181 35 1190 ἢ
88 1098 186 1196 quim
208 1103 348 1204 regione
368 1101 554 1203 ejecissent:
577 1101 699 1204 Argivi
718 1124 831 1174 autem
853 1099 1004 1198 ejusdem

89 1217 185 1294 cladis
205 1223 436 1324 propulsandrr¹
450 1223 544 1298 causti
563 1223 666 1298 etiam
686 1247 777 1296 nuuc
795 1219 923 1295 bellum
942 1246 1004 1322 ge·

89 1365 171 1414 ituit.
196 1343 278 1422 Jam
294 1345 580 1444 quemadmodum
594 1371 672 1418 cum
684 1341 910 1416 Plataeensrbus
926 1367 1003 1442 ege-
1083 1342 1087 1352 “

89 1461 170 1548 tint,
184 1464 327 1540 absurde
336 1467 491 1554 facerem,
500 1467 521 1542 fi
531 1521 543 1553 ‚
555 1465 682 1567 injuriis
692 1464 842 1566 ipsortim
853 1491 1003 1538 comme-

90 1585 246 1671 moratis,
263 1614 334 1660 non
347 1585 569 1664 meminissem
580 1613 698 1660 eorum
713 1586 906 1684 inquorum
921 1610 1002 1686 agre

91 1703 265 1780 nobiscum
284 1718 320 1783 &
334 1737 410 1784 cum
426 1710 497 1784 aliis
511 1709 607 1782 sociis
619 1705 835 1782 castrametati
845 1703 944 1802 suut3
966 1715 1003 1780 δι

91 1851 189 1922 quum
203 1828 256 1902 ibi
270 1856 331 1904 nos
348 1830 453 1904 aciem
472 1831 586 1904 contri
603 1830 711 1904 hostes
724 1825 1003 1912 instruxiffemus,

92 1947 220 2023 &sacra
226 1950 293 2024 diis
301 1979 449 2050 quorum·
457 1952 507 2025 illi
517 1975 724 2026 extruxerant
734 1951 864 2035 altaria,
876 1947 1003 2024 fecisse-

93 2095 177 2155 mus,
196 2097 270 2144 non
283 2072 322 2145 iis
335 2073 440 2146 modi)
453 2075 574 2146 Graecis
585 2072 643 2173 qui
653 2071 828 2146 nobiscum
842 2080 1003 2170 conjunc-

95 2188 138 2274 ti,
158 2189 217 2264 sed
241 2192 290 2266 eis
309 2194 410 2268 etiam
431 2195 489 2294 qui
508 2197 608 2267 castra
627 2193 769 2266 hostium
784 2191 877 2291 sequi
892 2191 1001 2266 coacti

93 2306 242 2398 fuerant,
269 2313 467 2388 restituimus
494 2313 692 2388 libertatem.
720 2311 760 2386 Et
783 2313 910 2416 egimus
933 2313 1001 2386 haec

93 2457 190 2528 quum
206 2434 398 2510 Plataeenses
414 2434 501 2508 solos
514 2461 553 2508 ex
565 2435 723 2508 omnibus
734 2434 860 2508 Boeotis
872 2433 1003 2534 adjuto-

95 2574 140 2625 res
150 2554 357 2631 haberemus.
370 2561 486 2650 Quos,
503 2583 573 2630 non
581 2558 685 2657 longo
699 2581 849 2657 tempore
859 2559 952 2658 post,
964 2557 1002 2630 in

94 2673 330 2753 Thebanorum
344 2681 505 2781 gratiam,
522 2679 784 2764 Lacaedemonii,
795 2678 876 2752 urbe
887 2670 999 2781 capti,

94 2823 204 2876 omues
217 2801 472 2889 interfecerunt,
485 2803 525 2876 iis
537 2801 678 2904 exceptis
695 2803 754 2902 qui
768 2799 846 2905 siugs
861 2802 1001 2879 salutem

95 2919 272 3016 quaesrvere.
293 2923 376 3026 Ergi
396 2951 479 3026 quos
502 2929 612 2999 nostre
631 2925 708 2999 urbs
728 2924 763 3000 se
783 2926 883 3029 longe
900 2927 1001 3000 aliam

95 3041 223 3138 prebuit
239 3047 342 3145 quim
354 3048 510 3148 Spartana
522 3049 646 3123 civitas.
662 3049 828 3149 Spartiatae
838 3051 949 3135 enim,
963 3059 1001 3122 δε

96 3162 220 3241 inbene
228 3169 365 3242 meritos
379 3171 422 3244 de
434 3171 621 3260 Graecis‚&
630 3173 666 3244 in
674 3171 749 3246 suos
757 3171 904 3273 ipsorum
918 3200 1001 3274 cog·

96 3309 203 3376 natos,
219 3291 267 3365 iti
288 3291 461 3366 crudeliter
483 3293 558 3368 sunt
574 3294 723 3396 grassati:
743 3293 844 3369 nostri
865 3295 946 3368 verb
963 3303 1001 3368 δι

100 3565 134 3622 est
149 3570 303 3653 regtuatis,
326 3570 489 3656 quietatur
505 3571 598 3634 transt
617 3569 633 3634 ἃ
653 3551 735 3634 testis
753 3570 870 3656 persons
890 3573 926 3634 ed
940 3576 1000 3656 pri-

102 3679 183 3726 matu.
253 3688 257 3694 ·

731 3770 859 3848 Hhir
