2750 4742
263 325 804 418 'PANA·THENA10US.
923 362 986 442 5²5

140 481 173 556 N
174 514 227 559 am
236 513 338 585 quum
347 487 406 560 hec
413 511 525 560 mente
536 484 652 572 essent,
662 488 770 587 paucis
780 487 895 561 diebus
906 488 993 589 leges

98 605 241 680 viderunt
258 608 293 679 in
310 608 426 680 tabulis
441 608 632 709 inscriptas,
652 634 722 681 non
738 609 789 701 his
806 636 885 709 quas
903 637 991 683 nunc

96 724 245 799 habemus
271 726 415 815 similes,
441 753 549 825 neque
572 725 771 800 confusionis
796 729 930 829 plenas,
954 739 991 803 &

97 845 175 917 inter
184 829 221 918 se¹
227 869 407 948 pugnantes
415 899 426 931 ,
441 847 550 931 iniat,
565 847 632 920 talm
645 872 720 921 tatae
732 848 831 947 quim
842 850 993 948 antiqua-

99 989 148 1050 tae,
160 966 241 1038 nihil
252 967 411 1040 haberent
422 967 620 1059 autoritatis3
632 966 690 1039 sed
702 967 846 1068 primiun
857 996 994 1069 paucas,

97 1085 134 1158 s1c
148 1111 255 1160 tamen
269 1112 304 1161 ut
320 1089 358 1162 iis
375 1086 558 1180 sufficerent
570 1088 628 1188 qui
640 1084 714 1188 ipsis
724 1088 811 1171 usuti
823 1114 937 1174 etant,
958 1100 994 1163 &

96 1208 223 1307 cognitu
241 1206 354 1284 'faciles
375 1207 500 1305 elsent3
519 1208 640 1282 deinde
655 1212 751 1307 justas
765 1220 800 1283 δι
816 1211 932 1296 utiles,
958 1220 994 1284 &

96 1327 328 1401 consentientes
344 1329 427 1400 inter
443 1328 497 1414 se,
516 1338 551 1401 &
563 1338 691 1425 majore
704 1329 873 1431 diligentis
884 1331 996 1404 elabe

95 1475 172 1523 tatas
185 1469 236 1523 eas
255 1477 325 1549 quae
342 1448 384 1522 ad
397 1448 545 1551 publicos
562 1475 670 1522 mores
684 1449 784 1552 quim
799 1476 851 1523 eas
865 1479 936 1551 quae
953 1452 997 1525 ad

97 1571 232 1666 privatos
243 1576 433 1644 eumacius
447 1570 676 1671 pertinebant3
699 1570 810 1670 quales
826 1573 889 1644 elle
902 1571 996 1646 decet

96 1690 176 1790 leges
187 1690 370 1792 reipublicae
380 1691 464 1764 bene
475 1691 662 1763 constitutae.
676 1690 775 1761 Citcl
786 1690 901 1764 eadem
913 1715 997 1764 tem-

98 1836 190 1908 pora,
207 1811 252 1884 ad
271 1812 471 1912 magistratus
489 1811 672 1886 evehebant
687 1839 744 1885 eos
759 1812 849 1911 quii
867 1813 996 1885 tribuli·

99 1929 153 2005 bus
176 1942 211 2008 δι
234 1933 445 2034 populatibus
467 1934 586 2007 delesti
609 1958 712 2007 etant.
744 1936 839 2027 Quos
860 1933 1001 2032 quidem

99 2055 294 2154 magistratus
317 2084 385 2128 non
409 2055 607 2156 magnopere
633 2050 828 2126 ambiendos
850 2054 998 2126 fecerunt

100 2199 201 2274 neque
215 2175 416 2276 expetendos
429 2228 439 2260 ,
456 2174 514 2247 sed
525 2174 630 2247 multu
644 2173 749 2274 magis
760 2173 800 2244 iis
810 2174 998 2251 muneribus
1026 2210 1028 2214 >

99 2292 240 2380 smiles,
266 2321 368 2394 quae,
399 2318 435 2366 ut
464 2294 528 2367 illis
553 2293 670 2392 quibus
695 2291 851 2383 mandata
876 2290 999 2367 suerint
1048 2323 1053 2331 ·

99 2413 235 2488 honoris·
262 2414 401 2487 afferunt
430 2411 577 2512 aliquid,
601 2413 646 2483 iti
671 2410 854 2484 molestiam
880 2435 999 2484 creant.

101 2526 283 2632 Opuntebat
310 2535 401 2607 enim
430 2559 486 2606 eos
518 2533 576 2630 qul
602 2531 644 2604 ad
665 2531 848 2630 magisteria
879 2530 1000 2611 delecti

101 2677 207 2740 etant,
224 2663 262 2730 &
275 2681 345 2728 tem
357 2653 552 2727 familiarem
566 2651 754 2753 negligere,
772 2660 808 2724 &
823 2651 1000 2751 epecuniis

101 2799 167 2870 quae
185 2772 422 2874 magistratibus
436 2771 507 2844 dari
520 2770 648 2856 solent,
667 2770 824 2843 abstinere
844 2794 1002 2870 tanquam

102 2890 118 2962 al
134 2892 278 2966 donariis
292 2892 500 2993 templorum.
522 2892 605 2983 Quae
618 2890 691 2990 quis
706 2890 822 2989 esi-qui
837 2891 887 2962 his
901 2889 1002 2962 moti-

103 3009 158 3084 bus
174 3012 260 3085 serre
275 3012 378 3086 velit?
398 3010 501 3103 Qubd
515 3010 539 3081 s1
554 3011 611 3108 qui
625 3007 737 3086 officio
755 3008 863 3082 sunffl
880 3007 1001 3094 essent,

105 3294 144 3334 tus
176 3274 339 3334 eminebant.

151 3297 195 3446 fl.
218 3394 260 3431 20
276 3379 303 3431 &
322 3351 397 3446 21.]
426 3357 687 3450 ΠλιονήκΊκμιίτων
699 3411 710 3442 ,
723 3369 802 3452 vulg.
820 3377 1005 3458 πῇιιμμελπ·

103 3457 206 3547 μάτων
217 3463 271 3555 vpro
284 3489 342 3549 quo
358 3463 444 3547 posset
457 3469 542 3527 etiam
553 3469 610 3551 legi
622 3456 806 3547 λημμάτων.

148 3547 197 3638 [1.
219 3555 296 3647 an]
328 3552 385 3627 Kale
409 3549 464 3632 tait
481 3559 616 3642 uim...
630 3563 703 3623 teser
717 3561 752 3623 ad
766 3558 827 3624 'lau
844 3559 921 3641 quod
935 3581 1006 3642 prae-

103 3657 181 3722 cellit.
