2750 4742
302 343 862 440 ARCHIDnnus
996 377 1040 450 n

114 483 195 585 spes
212 485 379 589 proposita
394 487 457 562 effe
477 489 586 564 debet
617 491 674 563 Sin
692 516 805 584 autern
819 493 902 596 saepl
916 494 1040 571 usuve-

117 609 196 693 nit,
220 634 257 684 ur
277 620 314 685 &
334 613 538 714 potentiores
562 611 604 714 ab
627 612 898 690 imbecillioribus
922 616 1039 692 vince-

1 801 2 832 3
117 755 256 818 rentur,
274 743 310 828 δι
325 734 511 808 obfidentes
525 733 566 807 ab
581 733 713 808 obsessis
729 736 927 838 interirent3
950 737 1036 838 quid
1060 831 1063 837 Ι

1 854 3 930 ὲ
116 850 221 937 miri,
239 852 262 926 fi
277 853 313 964 in
326 855 422 930 rebus
432 857 534 932 etiam
546 855 756 958 praesentibus
772 860 913 934 mutatio
928 859 1039 964 aliqua

117 967 233 1046 futura
246 973 305 1050 srt'?

169 1214 222 1287 Ac
238 1215 281 1289 de
297 1215 406 1290 nostrl
423 1217 559 1316 quidem
570 1219 705 1310 'civitate
720 1219 806 1293 nihil
821 1220 930 1294 habeo
947 1229 1036 1320 ejus-

116 1335 218 1407 modi
235 1335 328 1434 quod
344 1335 463 1410 dicam.
486 1337 577 1411 Nam
596 1339 815 1441 superioribus
832 1341 1036 1442 temporibus

114 1455 205 1528 nulli
221 1483 369 1556 unquam
384 1458 479 1532 nobis
494 1457 646 1534 fortiores
658 1460 695 1532 in
708 1463 853 1534 nostram
863 1461 1036 1563 regionem

30 1644 34 1648 .
113 1573 317 1650 invaserunt.
342 1579 392 1663 Ex
412 1577 482 1651 aliis
504 1602 615 1652 aurem
634 1580 765 1680 populis
783 1581 947 1682 permulta
963 1581 1036 1681 quis

114 1696 269 1797 exempla
291 1688 403 1798 petat,
429 1697 485 1772 sed
509 1699 687 1799 praesertlm
709 1727 750 1775 ex
768 1693 895 1804 populo
926 1700 1036 1776 Athe-

116 1816 291 1892 nienlium.
318 1820 414 1911 Quos
432 1819 570 1920 quidem
592 1824 680 1923 apud
698 1826 831 1897 Graecos
850 1824 886 1895 in
905 1823 1033 1897 crimen

114 1937 241 2012 veniffe
259 1942 402 2026 constat,
419 1967 523 2039 quum
546 1941 628 2014 alios
645 1943 805 2043 imperata
815 1941 923 2016 faeere
935 1971 1033 2046 coge·

116 2085 217 2146 rent,
238 2060 441 2161 eosdemque
464 2063 483 2134 l
500 2063 694 2136 mortalibus
713 2057 870 2138 omnibus
891 2064 1032 2166 gloriam

118 2185 309 2258 consecutos
331 2213 435 2285 quum
458 2185 595 2284 injurios
615 2185 856 2260 ulciscerentur.
883 2187 1032 2281 Quodn

119 2329 230 2380 vetera
248 2306 391 2407 pericula
413 2306 605 2381 recensuero
628 2333 700 2406 quae
717 2307 753 2380 in
769 2306 864 2381 bellis
877 2306 1032 2385 adversus

115 2429 308 2505 Amazones
320 2431 414 2532 gestis
425 2482 438 2516 ,
448 2454 504 2506 aut
513 2429 659 2501 Thraces
668 2481 679 2514 ,
697 2452 752 2501 aut
763 2428 1031 2530 Peloponnenses

117 2553 177 2652 qui
195 2579 272 2624 curn
291 2551 469 2648 Eurystheo
488 2550 529 2649 in·
545 2549 693 2650 ipsorum
711 2578 806 2650 agros
822 2550 1030 2638 invaserant,

116 2671 288 2757 adierunt,
303 2671 452 2745 obsoleta
463 2669 624 2754 ferrariis,
642 2669 838 2743 &nimium
853 2669 873 2740 l
888 2670 1031 2771 praesen-

116 2792 202 2864 tibus
228 2793 324 2866 rebus
352 2816 480 2872 remote
512 2818 775 2868 commemorare
804 2790 954 2866 videbor.
989 2795 1029 2866 ln

117 2913 243 2986 Persico
260 2937 371 2988 autem
387 2912 500 3000 bello,
522 2914 594 3013 quis
611 2911 714 2986 nescit
732 2913 750 2984 ὲ
765 2912 883 3012 quibus
897 2913 1031 2986 calami·
1089 3007 1094 3018 ἱ

44 3053 48 3058 ’
118 3036 237 3108 tatibus
254 3037 290 3108 in
311 3060 470 3135 quantam
491 3035 683 3110 felicitatem
703 3033 766 3108 sint
785 3035 918 3132 evelli?
938 3037 1030 3110 Nam

1 3203 2 3214 κ
117 3157 178 3230 soli
202 3185 320 3232 eorum
346 3161 404 3259 qui
434 3159 523 3232 extri
551 3141 820 3260 Peloponnesum
852 3158 1026 3246 habitant,
1171 3196 1177 3204 ²

115 3308 220 3381 quum
232 3280 452 3354 Barbatorum
470 3281 578 3384 copias
600 3279 748 3357 sustineri
768 3307 839 3351 non
854 3278 943 3382 polle
958 3306 1027 3352 cer-

112 3426 250 3488 nerent,
262 3402 305 3475 de
317 3405 483 3504 imperatis
493 3401 693 3510 exequendis
705 3400 764 3474 fibi
774 3399 1026 3483 deliberandum

111 3521 177 3598 effe
196 3550 268 3596 non
294 3521 509 3620 censuerunt3
534 3523 591 3596 sed
612 3523 721 3595 statim
742 3521 860 3594 urbem
879 3518 1026 3594 eversam

1 3627 2 3678 3
112 3646 303 3719 maluenrnt
316 3631 449 3730 ¹uidere,
471 3643 573 3744 quim
584 3643 740 3718 servitute
752 3639 945 3746 opprellam.
963 3643 1028 3721 Re·
1048 3633 1053 3646 ¹

792 3764 884 3839 Civ
