2750 4742
278 316 819 424 rnnrrnrnnrcrrs.
919 292 1000 414 ‘447

103 460 162 548 est,
173 470 295 565 eosqui
307 465 456 541 secundis
469 465 562 540 rebus
573 492 643 540 non
655 489 926 567 corrumpuntur,
939 492 1001 539 nec

29 598 32 614 ¹
102 586 268 662 discedunt
287 592 515 693 dsemeprisrs,
535 618 596 665 nec
616 614 804 691 arrogantes
818 591 923 675 fiunt,
942 588 1001 663 sed

102 708 384 799 moderationem,
407 714 618 813 prudentium
637 716 785 788 vitorum
808 714 999 813 propriam,

101 830 262 917 retinent,
278 860 338 906 nec
354 835 457 935 magis
472 834 611 907 fortunae
627 833 818 907 muneribus
833 831 1000 907 delectan-

101 972 169 1034 tut,
188 952 290 1050 qudm
310 954 406 1029 bonis
424 984 495 1054 quae
511 955 607 1029 initio
625 955 667 1029 ab
681 955 796 1029 indole
810 964 846 1028 &
859 955 1002 1055 pruden-

102 1071 142 1142 rid
160 1072 353 1149 habuerunt.
379 1078 450 1169 Qui
469 1100 578 1149 autem
594 1103 662 1148 non
681 1076 724 1149 ad
742 1077 864 1149 horum
877 1073 1001 1174 fingula

102 1192 274 1281 duntaxat,
293 1194 351 1269 sed
363 1197 405 1269 ad
421 1194 570 1271 universa
583 1198 652 1271 haec
662 1196 778 1281 fimul,
795 1195 914 1269 animis
925 1194 1002 1267 sunt

102 1312 180 1386 bend
195 1318 406 1418 composrtis,
426 1346 482 1393 eos
500 1317 602 1391 affero
621 1328 656 1395 δι
673 1318 850 1419 prudentes
859 1316 947 1402 effe,
963 1325 1000 1391 &

101 1435 260 1537 perfectos
272 1426 382 1524 viros,
396 1450 431 1515 δι
443 1440 598 1527 omnibns
607 1440 781 1516 virtutibus
792 1464 937 1514 ornatos.
948 1436 1000 1511 Ac

102 1554 140 1629 de
154 1558 289 1640 eruditis
304 1559 441 1661 quidem
454 1562 521 1637 haec
533 1566 646 1637 statuo.

65 1938 67 1941 ’
105 2009 120 2043 γ,
144 1936 200 2011 De
214 1939 359 2013 Homeri
374 1941 498 2015 verb&
510 1964 694 2015 ceterorum
705 1940 932 2041 poematibus,
945 1964 1003 2017 ve·

104 2057 158 2129 lim
168 2058 295 2159 aliquid
304 2060 431 2157 dicere3
448 2061 587 2136 arbitror
597 2062 687 2135 enim
698 2087 752 2134 me
763 2061 956 2137 effecturum
967 2087 1004 2137 ut

103 2176 148 2249 isti
160 2178 274 2272 fileant
285 2181 343 2279 qui
362 2181 397 2251 in
413 2184 522 2277 Lyceo
534 2178 641 2255 versus
655 2179 788 2253 illorum
800 2207 942 2267 canunt,
964 2192 1001 2257 δι

104 2288 142 2371 de
164 2300 209 2372 eis
237 2327 340 2401 nugas
359 2301 531 2375 effutiuntr
556 2300 670 2374 venim
695 2302 922 2375 animadverto
946 2330 1002 2376 me

105 2420 188 2493 extra*
203 2448 282 2495 eum
293 2420 433 2493 limitem
446 2419 525 2493 ferri
533 2422 591 2519 qui
601 2419 743 2493 exordiis
756 2425 802 2493 est
815 2422 999 2522 praefinitns.

104 2542 152 2613 Est
171 2567 283 2615 autem
314 2542 377 2616 viti
402 2540 570 2643 prudentis
588 2568 657 2613 non
678 2541 849 2641 indulgete
868 2542 1001 2619 dicendi

105 2663 200 2762 copiae
227 2664 292 2763 qud
319 2662 415 2763 poffit
446 2660 488 2735 de
510 2648 628 2733 iisdem
649 2661 742 2761 plura
767 2661 875 2735 dicere
901 2664 1001 2763 qudrn

104 2787 221 2883 ceteri3
238 2813 271 2861 at
282 2786 318 2859 in
333 2788 372 2859 iis
386 2784 540 2858 omnibus
555 2784 598 2857 de
612 2784 730 2883 quibus
745 2782 867 2858 disserit
876 2784 1003 2858 servate
1083 2843 1085 2846 .

102 2905 263 2981 modum:
285 2905 375 3006 quod
392 2914 427 2979 δι
444 2904 527 2977 mihi
543 2904 732 2977 faciendum
754 2908 808 2979 est.
829 2905 884 2978 De
899 2906 1003 3005 poetis

103 3027 199 3127 igitur
211 3024 289 3099 alids
301 3026 467 3111 dicemus,
484 3025 608 3098 nisime
620 3025 709 3125 priris
722 3024 849 3098 senium
864 3026 1005 3098 abstule-

104 3150 152 3221 rit.
163 3151 255 3222 Nam
264 3149 306 3222 de
314 3148 408 3221 rebus
415 3146 617 3251 gratioribus
632 3146 732 3247 qudm
746 3147 809 3220 istae
821 3144 896 3219 sunt
906 3148 1001 3221 nobis

102 3296 187 3342 nunc
199 3250 381 3343 dicendum
390 3265 450 3342 est.¹

112 3678 118 3683 .
154 3608 201 3685 V.
220 3606 275 3683 De
285 3606 451 3683 beneficiis
462 3606 720 3682 autemdnosttd
730 3606 1002 3687 civitattinGrae-
