2750 4742
281 339 823 438 inuaruauatcus.
943 315 1013 456 50'7

78 477 180 598 plura
197 501 304 602 quim
319 500 431 577 decuit
447 501 676 590 differuetim,
698 513 864 606 majorum
879 506 1012 577 nostro·

79 647 157 694 rum
190 623 255 722 qui
285 624 522 726 rempublicam
550 625 772 727 pulcherrime
800 623 1010 698 administra-

80 767 187 829 runt,
210 771 257 818 ne
269 746 492 822 brevissimam
508 747 647 847 quidem
663 747 775 820 fecero
789 745 1011 820 mentionem.

84 865 160 957 Qui
190 867 290 939 ranrb
313 865 459 968 illisqui
481 867 677 970 amplissimai
702 866 814 941 valent
838 864 1010 966 potentii,

85 989 333 1086 praestanriores
354 989 514 1076 fuctum,
536 993 662 1090 quantb
680 990 746 1066 viri
763 986 1013 1064 mansuetiffimi

83 1115 121 1182 δε
136 1109 389 1209 prudentiffimi
402 1112 511 1190 bestiis
529 1111 793 1198 immaniffimis‚
815 1119 852 1186 δι
870 1107 1012 1212 plurimi

84 1228 230 1304 imbutis
243 1230 384 1318 sevitie,
401 1232 645 1308 antecellerent.

135 1353 182 1427 ΙΙ.
211 1354 321 1447 Quod
334 1355 426 1429 enim
438 1353 617 1430 infandum
631 1364 667 1429 δι
683 1353 849 1430 nefarium
864 1351 1011 1438 facinus,

87 1470 162 1546 tiam
180 1475 219 1547 in
233 1475 370 1550 urbibus
386 1476 477 1564 aliis,
497 1475 570 1550 uim
583 1481 664 1552 verb
685 1478 722 1550 in
737 1475 787 1550 bis
805 1472 1010 1578 potissimtim

88 1619 160 1692 qux
179 1595 337 1670 maximae
355 1605 391 1670 δι
405 1596 482 1670 sunt
496 1606 532 1672 δι
548 1597 734 1684 habentur3
750 1623 822 1670 non
833 1593 926 1670 fuiffe
937 1619 1012 1694 pet-
1055 1656 1058 1661 ,

87 1739 262 1815 petrarum
271 1719 502 1796 inveniemus?
516 1745 630 1794 nonne
640 1720 839 1821 reperiemus
850 1716 898 1790 ibi
909 1716 1011 1790 cades

89 1835 235 1914 fratrum
251 1850 288 1916 &
302 1867 433 1943 patrum
447 1818 665 1946 &hospitum
687 1840 790 1916 factas
801 1837 1011 1941 qudmpiuti-

91 1965 161 2033 mas
175 1967 188 2035 ?
204 1989 279 2036 non
298 1965 537 2039 mactationem
551 1990 717 2050 matrum,
730 1972 766 2038 &
778 1963 917 2036 incestos
926 1988 1011 2034 con-

91 2081 245 2169 cubitus,
266 2083 410 2184 inddque
431 2083 595 2186 susceptos
616 2083 739 2179 liberos
758 2081 847 2156 unde
865 2079 924 2181 ipsi
940 2078 1011 2153 nati

92 2209 210 2277 etant?
233 2230 306 2276 non
320 2203 576 2280 devorationem
590 2203 755 2310 Iiberrim,
781 2199 1009 2302 conjunstiffi·

92 2351 228 2398 motum
247 2323 372 2399 insidiis
387 2325 649 2401 concinnatam?
668 2353 739 2399 non
753 2324 931 2426 ejectiones
948 2347 1010 2395 eo-

93 2469 165 2517 rum
183 2473 271 2545 quos
283 2470 482 2547 genuerant,
501 2445 804 2540 &submetfiones,
823 2453 859 2518 δε
871 2470 1010 2517 ercaeca·

95 2566 223 2663 tiones3
241 2577 277 2642 &
293 2593 420 2641 tantam
435 2567 673 2643 maleficiorum
687 2550 957 2651 multitudinem,
972 2587 1009 2668 ut

96 2715 211 2763 eorum
222 2688 355 2764 nemini
372 2717 521 2789 unquam
539 2689 677 2764 materia
694 2687 857 2774 defuerit,
878 2687 938 2787 qui
947 2713 1007 2788 per

94 2809 236 2912 singulos
258 2838 363 2884 annos
385 2835 575 2913 tempotum
595 2809 731 2886 illorum
751 2809 951 2884 calamitates
970 2807 1006 2882 in

96 2931 226 3009 scenam
245 2933 355 3010 solent
367 2933 571 3036 producere?
671 2932 673 2940 ’
866 2938 869 2943 ’
908 3033 912 3039 b

141 3057 221 3128 Haec
234 3037 336 3158 porrb
351 3053 497 3130 recensui
513 3083 582 3128 non
596 3057 665 3155 qub
673 3047 753 3128 illos
763 3054 982 3156 vituperarem
995 3105 1006 3138 ,

97 3172 153 3246 sed
172 3199 208 3250 ut
229 3177 461 3264 ostenderem,
478 3179 565 3279 apud
579 3181 707 3252 nostros
721 3205 791 3251 non
804 3175 913 3249 solum
923 3174 1008 3247 nibil

97 3294 159 3369 tale
172 3297 300 3376 facium
313 3300 377 3375 else
392 3307 404 3398 (
409 3303 473 3374 hoc
484 3301 576 3375 enim
587 3325 656 3374 non
664 3283 819 3385 uirtutis,
837 3297 895 3372 sed
907 3295 1007 3398 paulb

103 3467 1007 3504 Ἢ

102 3590 195 3654 contri
218 3600 407 3681 grammatica
432 3599 567 3684 regulas,
590 3596 637 3660 sed
654 3598 728 3683 apud
748 3617 873 3660 oratores
893 3615 952 3658 uon
968 3597 1008 3657 est

102 3688 268 3756 inusitatum.
