2750 4742
281 319 810 405 naumurum-cus,
857 441 861 448 ⁸
938 315 1004 426 ιιι

85 515 110 536 ,ν
141 463 292 558 Fortaffis
312 497 421 548 autem
442 473 544 572 aliqui
563 499 618 546 me
635 452 813 573 absurdum
829 473 893 546 esse
910 474 1005 548 dixe·
1032 476 1034 479 ’

83 590 166 665 taint
180 593 285 686 (nihil
297 595 388 666 enim
400 615 489 668 vetat
504 593 545 666 ab
560 593 630 666 aliis
644 593 734 668 diua
747 595 1005 696 reprehendere)

92 712 158 809 qui
172 713 239 788 haec
255 713 402 814 proferne
417 714 581 799 audeam,
606 737 763 813 tanquam
785 715 871 788 bene
890 737 1009 816 gnatus
1032 749 1040 755 ·
1116 791 1121 797 ,

103 859 209 908 rerum
220 837 338 935 quibus
350 865 415 938 ego
426 837 507 912 dum
516 861 783 937 gererenturnon
791 837 936 911 interfui.
945 838 1011 910 Sed
1054 913 1068 945 1,
1125 833 1128 838 ’
1251 877 1260 895 =

103 981 164 1055 ego
184 958 269 1030 nihil
289 959 411 1034 horum
428 959 551 1042 temere
573 957 680 1031 facere
701 959 860 1032 existimo.
879 958 1035 1032 Namfi·
1110 1056 1116 1066 1

100 1103 162 1178 ego
179 1079 265 1152 sulus
281 1079 450 1152 crederem
466 1077 672 1154 sermonibus
691 1079 733 1154 de
748 1104 899 1155 veterum
914 1081 1012 1153 insti-
1135 1077 1140 1084 ’

103 1198 179 1272 tutis
197 1208 232 1272 &
247 1197 397 1300 scriptis,
413 1227 484 1298 quae
498 1199 539 1272 ab
556 1199 623 1283 illo¹
635 1225 787 1300 tempore
802 1200 845 1275 ad
859 1227 920 1274 nos
936 1228 1015 1301 per-

103 1320 1015 1424 venerunt,noninjuridreprehenderenNuncmultos,

100 1441 625 1542 eosqueptudentesviros,idem
635 1443 730 1543 quod
740 1444 1018 1545 mefacereappa-

104 1585 163 1664 ret.
177 1567 353 1652 Praeterea,
369 1565 593 1665 fiargumenta
605 1557 623 1638 d
637 1593 692 1640 me
704 1565 927 1668 postulentur,
938 1593 1017 1666 pro·

103 1675 182 1756 bare
198 1712 317 1782 queam
334 1712 451 1758 omnes
470 1683 622 1760 homines
635 1685 732 1786 ¹plura
747 1685 862 1758 auditu
876 1685 1018 1786 cognos-

36 1871 38 1875 .
92 1797 178 1876 'cere
194 1803 295 1904 qudm
310 1803 449 1890 visu&
461 1813 650 1918 majores&
664 1803 866 1908 pulchriores
878 1833 926 1879 res
936 1806 1018 1879 scite

96 1932 186 2026 'quas
196 1925 238 1998 ab
247 1923 317 1998 aliis
331 1925 522 2011 audierunt,
538 1923 640 2026 quim
651 1927 770 2026 quibus
785 1927 843 2028 ipfi
857 1925 1018 2000 interfue-

98 2063 192 2120 runt.
224 2046 388 2120 Ceterum
411 2045 601 2144 hujusmodi
625 2041 890 2147 reprehensiones
912 2074 1020 2146 neque

107 2169 320 2270 negligendae·
328 2169 405 2242 sunt
422 2167 553 2264 (forsan
566 2169 677 2254 enim,
695 2165 719 2241 sr
732 2167 751 2242 d
764 2167 899 2242 nemine
911 2169 1020 2242 dilue-

39 2320 43 2326 ·
108 2313 240 2385 rentur,
253 2291 425 2365 veritatem
436 2290 627 2386 laederent),
643 2274 751 2389 neque
764 2289 943 2363 refutandis
956 2286 1021 2361 illis

80 2436 84 2440 ·
107 2410 231 2486 diutius
247 2411 516 2486 immorandum:
534 2411 591 2484 sed
605 2413 663 2486 ubi
678 2411 808 2485 tannim
824 2414 894 2485 aliis
909 2412 1021 2485 subin-

108 2531 256 2606 dicatum
267 2532 387 2619 fuerit,
404 2559 442 2604 ex
455 2557 523 2630 quo
534 2530 735 2632 adversarios
745 2521 847 2632 nugas
859 2559 954 2632 agere
963 2531 1023 2631 ipsr
1130 2551 1133 2559 '

100 2654 281 2727 ostendere
298 2677 440 2752 queant,
458 2651 665 2726 redeundum
682 2653 724 2726 ad
739 2652 943 2754 proposrtum
955 2705 966 2736 ,
980 2650 1023 2724 ’δι

100 2773 353 2848 absolvendum
371 2772 408 2845 id
423 2771 514 2872 quod
532 2772 716 2846 institutum
736 2771 810 2846 fuit.
836 2771 942 2866 Quod
958 2798 1022 2873 ego

102 2921 247 2996 quoque
263 2895 393 2970 fatiam.

104 3005 426 3093 Ordinationeni
439 3016 645 3118 reipublice,
665 3025 846 3129 &tempus
861 3041 920 3116 per
930 3014 1023 3113 quod

104 3167 153 3214 ea
136 3139 224 3214 usr
248 3139 382 3274 sumus,
402 3137 564 3236 quantum
581 3136 656 3208 satis
678 3115 725 3210 est
659 3136 887 3294 exposui
912 3138 1024 3284 Restat

103 3359 210 3454 [1.
229 3394 283 3448 14
290 3357 305 3452 ]
324 3364 439 3442 Ku'vett
452 3381 499 3458 p'et
512 3361 708 3438 attractionem
721 3395 773 3458 pro
786 3363 895 3442 eoiret.
1002 3401 1005 3405 ·

114 3453 216 3548 [l
237 3492 290 3530 21.
300 3457 314 3550 ]
338 3457 455 3546 Αὐτές,
477 3471 658 3534 adversarios.
651 3453 872 3554 reddam
892 3468 964 3531 refer
984 3471 1023 3534 'ad
1067 3503 1071 3506 ·

51 3553 253 3638 diam.
259 3567 392 3630 Videatur
403 3571 495 3630 nostra
503 3569 617 3651 hujusce
627 3569 683 3634 loci
698 3572 805 3631 latina
797 3571 997 3651 interpretatio.

105 3708 114 3723 ..
168 3652 210 3744 [l.
223 3653 582 3757 25.],Tdr‚,70'qorereeov,
569 3691 593 3732 ι.
603 3691 628 3730 c.
640 3657 750 3751 ἤϊ’
734 3691 794 3732 οσον
807 3659 974 3753 tirmiter.
997 3683 1004 3694 ·

224 3775 320 3846 Tame
337 3775 398 3848 ΙΙ..
781 3802 783 3805 ·
826 3767 885 3844 Ll
