2750 4742
114 391 958 538 nacarat-ruariorum

138 609 938 838 Ancuroamus

314 991 758 1070 rxouorum

98 1154 307 1256 Vrsmum
330 1177 431 1280 aliqui
449 1179 560 1252 forsan
582 1181 742 1256 mirantur
751 1236 763 1270 ,
783 1210 839 1256 cut
852 1183 920 1284 ipse
935 1185 992 1284 qui

98 1301 239 1374 hastenlrs
255 1302 400 1374 instituta
414 1305 528 1374 nostrae
543 1301 702 1387 civitatis,
719 1328 756 1375 ut
768 1303 854 1376 haud
868 1303 934 1376 scio
950 1331 992 1378 an

99 1423 257 1521 quisquam
270 1422 349 1494 alius
369 1449 523 1495 meorum
543 1412 718 1523 iequalium
737 1424 886 1510 servavi,
908 1426 991 1498 adel>

98 1554 160 1642 jam
175 1545 354 1618 immutatus
374 1545 456 1630 srm,
479 1569 515 1617 ut
533 1545 652 1644 quibus
672 1546 715 1619 de
733 1545 830 1618 rebus
848 1546 992 1620 seniores

101 1667 190 1740 verba
203 1667 302 1742 farere
319 1691 499 1752 verentur,
521 1667 601 1740 de
580 1695 619 1740 ns
633 1695 697 1769 ego
713 1667 902 1741 adolescens
918 1669 996 1742 sen-

104 1790 224 1864 tentiam
237 1791 346 1864 dicere
360 1790 540 1892 aggrediar.
566 1791 637 1890 Ego
659 1793 763 1875 veto,
787 1789 810 1861 li
828 1789 996 1890 quisalius

106 1938 204 1984 eorum
219 1940 275 2012 qur
265 1911 380 2021 apud
395 1939 455 1985 vos
469 1911 660 1984 concionari
651 1910 797 1996 solent,
812 1939 872 2012 pro
886 1907 999 2012 digni·

107 2055 159 2105 tate
174 2035 355 2135 reipublicae
365 2031 516 2119 dixisset,
538 2032 769 2106 continuiffem
788 2059 843 2105 me
862 2033 996 2104 tacitus:

109 2181 181 2226 nunc
194 2185 290 2254 quum
304 2157 439 2231 videam
453 2156 533 2230 alios
547 2157 711 2229 hostium
702 2157 869 2257 imperatis
884 2139 998 2256 patross

108 2274 213 2361 cinari,
233 2278 312 2350 alios
329 2304 399 2374 non
416 2275 547 2349 sortirer
562 2275 749 2361 adversari,
772 2276 853 2350 alios
867 2276 997 2378 prorsus

45 2495 47 2501 Ι
105 2394 298 2484 obmutuisse,
320 2363 461 2484 surrexi,
478 2423 515 2470 ur
527 2396 619 2498 quod
638 2397 690 2488 his
706 2396 748 2470 de
763 2397 857 2470 rebus
871 2398 996 2484 sentio,

107 2515 270 2616 declarem3
287 2520 323 2592 id
339 2519 499 2592 nimirum
513 2544 607 2620 turpe
624 2517 689 2591 else
700 2543 806 2618 ratus,
818 2517 859 2604 sr,
877 2544 914 2591 ut
929 2521 999 2620 pri·

104 2663 199 2713 ratam
215 2639 294 2716 meae
312 2643 386 2717 vitae
412 2643 575 2717 rationem
594 2667 750 2727 teneam,
773 2641 997 2715 commiserim

103 2781 134 2832 ut
145 2751 317 2862 respublica
330 2791 399 2837 non
410 2764 486 2838 satis
497 2791 558 2866 pto
569 2764 731 2866 dignitate
741 2763 835 2838 saluti
845 2764 907 2837 sua
918 2791 999 2836 con-

20 2921 21 2924 *
101 2879 184 2957 sulas.

142 3006 242 3097 Quod
259 3005 282 3078 sr
301 3005 366 3078 ullal
386 3005 428 3078 de
444 3005 506 3078 alia
520 3031 557 3078 re
570 3006 665 3080 decet
682 3005 904 3108 adolescentes
920 3005 999 3078 dare

20 3143 21 3206 j
99 3117 285 3212 consilium,'
304 3125 431 3200 bellum
447 3126 538 3214 ¹certe
559 3127 614 3212 vel
634 3126 862 3222 suadere,.vel
875 3125 1007 3218 diffuaf

20 3241 22 3314 l

20 3369 22 3436 l

93 3423 133 3468 vot
145 3421 208 3460 cum
218 3398 317 3460 codd·
329 3405 379 3474 H,
394 3403 445 3473 N,
462 3409 490 3460 &
502 3405 599 3460 Battie.
618 3399 812 3460 Cod.1habet
806 3387 1000 3486 deuouisse

91 3521 226 3579 μενος.

142 3579 187 3672 [l
209 3615 260 3672 17.
272 3579 286 3672 ]
309 3579 382 3664 Tiar
393 3584 578 3665 ranimirus,
593 3589 765 3660 homines
737 3615 769 3654 ea
785 3609 862 3654 :etate
876 3612 930 3676 qua
946 3612 1002 3677 ego

93 3690 201 3771 sums
193 3717 213 3755 1.
228 3717 253 3754 e.
267 3698 389 3776 juvenes.
