2750 4742
10 347 13 476 ,

268 343 829 438 nncurnrnus
963 374 1008 446 ἢ

10 557 12 620 ἱ
96 485 170 588 spes
184 487 346 590 propofita
361 489 425 579 effe
444 488 554 564 debet.
584 489 642 562 Sin
659 514 772 582 autern
786 491 869 593 saepe
883 491 1007 567 usuve-

99 611 169 696 nit,
190 621 281 712 ut&
302 613 505 714 potentiores
529 612 572 712 ab
595 611 866 686 imbecillioribus
889 614 1007 688 vince-

99 757 224 819 rentur,
242 743 279 808 &
294 734 478 808 obsidentes
492 734 534 806 ab
550 732 680 808 obseslis
697 735 895 836 interirent3
918 734 1004 836 quid
1027 829 1030 834 ¹

96 853 191 938 initi,
207 853 230 926 st
245 855 281 964 in
295 854 390 960 rebus
400 857 502 930 etiam
514 855 724 958 ptaesentibus
740 859 881 932 mutatio
896 856 1007 962 aliqua

97 971 203 1048 firmta
215 975 274 1050 stt?

143 1215 192 1290 Ac
207 1216 251 1290 de
266 1217 374 1290 nosttfi
391 1217 528 1317 quidem
540 1217 674 1308 eivitate
689 1217 774 1303 nihil
790 1217 899 1291 habeo
915 1225 1005 1318 ejus·

95 1336 189 1409 modi
205 1334 298 1436 quod
314 1336 432 1410 dicam.
455 1337 546 1410 Nam
565 1321 785 1438 superioribus
801 1337 1004 1438 temporibus

93 1455 177 1529 nulli
191 1484 338 1557 unquam
353 1442 449 1532 nobis
463 1455 616 1532 fortiores
627 1459 663 1530 in
677 1460 822 1532 nostram
832 1458 1005 1559 regionem

27 1646 30 1650 .
91 1574 286 1652 invaserunt.
312 1579 362 1664 ‚Ex
382 1577 451 1650 aliis
474 1602 584 1652 autem
604 1577 734 1679 populis
752 1578 916 1680 permulta
931 1577 1005 1676 quis

92 1697 239 1798 exempla
261 1722 373 1799 petat,
399 1697 454 1772 sed
479 1698 657 1798 praesertlm
678 1724 719 1771 ex
738 1698 864 1801 populo
896 1695 1005 1771 Athe-

93 1817 261 1892 niensium.
286 1822 384 1911 Quos
402 1818 540 1920 quidem
563 1820 651 1921 apud
668 1824 801 1894 Graecos
819 1821 855 1892 in
875 1819 1003 1893 crimen

92 1939 211 2014 venisse
229 1943 372 2026 constat,
389 1967 493 2039 quum
516 1940 598 2013 alios
615 1942 775 2042 imperata
785 1939 892 2013 facere
905 1967 1003 2041 coge·

94 2086 188 2148 rent,
209 2062 411 2162 eosdemque
434 2063 453 2134 ὲ
470 2060 664 2134 mortalibus
683 2060 840 2135 omnibus
860 2061 1002 2162 gloriam

94 2186 279 2260 consecutos
302 2214 406 2286 quum
429 2185 566 2284 injurios
584 2183 826 2259 ulciscerentut.
853 2182 1003 2278 Quodsi

10 2289 11 2346 ἕ
96 2331 202 2382 vetera
219 2307 362 2408 pericula
383 2306 575 2380 recensuero
598 2332 670 2405 quae
687 2305 723 2377 in
740 2304 834 2379 bellis
847 2304 1002 2380 adversus

92 2430 279 2504 Amazones
291 2431 385 2532 gestis
396 2481 408 2517 ,
419 2454 475 2506 aut
484 2429 650 2512 Thraces,
666 2451 723 2500 aut
734 2424 1001 2527 Peloponnenser

33 2581 34 2584 ’
92 2555 146 2652 qui
165 2581 244 2626 cum
263 2551 440 2648 Eurystheo
459 2550 499 2648 in
515 2548 663 2649 ipsotunt
681 2576 776 2649 agros
793 2547 1001 2634 invaserant,

92 2673 259 2758 adierunt,
275 2670 423 2746 obsoleta
435 2669 572 2745 fortassis
584 2721 595 2753 ,
609 2676 649 2743 ,δι
664 2667 809 2741 nimiirm
824 2666 843 2738 l
859 2666 1002 2768 praesen-

91 2793 172 2868 tibus
200 2794 295 2868 rebus
324 2816 452 2871 remota
484 2815 746 2868 commemorate
774 2788 925 2864 videbor.
959 2791 1000 2862 ln

92 2915 215 2988 Petsrco
232 2939 343 2990 autem
359 2913 472 3000 bello,
493 2914 566 3012 quis
583 2909 684 2984 nescit
702 2911 721 2982 ὲ
736 2909 854 3009 quibus
868 2909 1002 2982 calami·
1060 3003 1065 3013 ⁴

40 3051 42 3055 '
93 3037 208 3112 tatibus
226 3037 262 3108 in
283 3061 442 3136 quantam
462 3033 654 3108 felicitatem
674 3031 737 3106 srnt
757 3032 889 3130 evesti?
910 3033 1002 3105 Nam

10 3147 12 3242 i
91 3159 145 3232 soli
170 3187 292 3232 eorum
318 3161 377 3258 qui
406 3159 495 3232 extri
522 3139 792 3260 Peloponnesum
824 3155 998 3254 habitant,

90 3309 192 3380 quum
204 3281 425 3355 Barbatorum
442 3281 550 3382 copias
571 3278 720 3356 sustineri
740 3304 811 3348 non
825 3275 914 3378 posse
929 3302 999 3348 cer-

10 3465 11 3484 2
89 3427 222 3488 nerent,
235 3403 278 3476 de
289 3404 455 3503 imperatis
465 3401 664 3508 exequendis
676 3399 736 3472 stbi
745 3396 998 3481 deliberandum

10 3599 12 3648 Ι

10 3649 12 3688 t

10 3561 11 3564 ¹
88 3523 240 3597 essenon
267 3521 481 3618 censuerunt3
505 3522 563 3595 sed
585 3505 693 3594 statim
714 3519 832 3592 urbem
851 3514 998 3590 eversam

10 3689 11 3742 i
89 3628 422 3730 malueruntiidere,
444 3643 545 3744 quim
557 3641 712 3716 servitute
725 3635 918 3744 oppressam.
935 3640 1000 3718 Re·
1021 3628 1025 3642 ¹
1055 3633 1059 3638 ⁸

765 3749 856 3836 C'iv
