2750 4742
179 358 269 437 ou
307 355 467 437 unct
505 358 775 481 nuntio,
839 333 943 463 '2³7

40 583 44 591 ,
61 500 141 580 fidiati
162 487 262 594 sunt,
292 500 342 582 δι’
355 508 469 584 contri
491 506 661 583 Persarum
690 536 804 611 regem
826 511 944 585 Clean}

60 630 137 701 chum
153 656 224 701 cum
244 628 387 703 exercitu
400 628 579 715 miserunt,
597 631 811 704 &Chiorum
825 633 944 733 princi·

61 776 102 849 pes
114 750 191 823 cives
205 751 241 823 in
253 750 389 823 exilium
402 774 560 851 egerunt,
579 742 840 851 eorumdemque
852 754 946 827 trite·

61 894 228 943 nesomues
240 872 259 942 ὲ
271 870 440 955 navalibus
453 870 624 944 abstradlas
635 870 942 950 secumavexerunt.

62 990 153 1087 Neque
163 990 223 1077 illis
235 991 383 1079 satisfuit
391 992 459 1065 haec
469 990 652 1091 deliquisse,
663 977 722 1065 sed
730 992 850 1065 iisdem
861 1018 956 1099 tem-⁸
982 1046 988 1055 ·

63 1112 166 1211 poribus
182 1122 218 1185 δε
236 1113 350 1187 Asiam
366 1114 551 1199 vastabunt,
574 1124 609 1188 &
626 1114 745 1189 insulas
761 1116 940 1202 vexarunt,

63 1234 204 1307 &Italicas
216 1243 252 1307 &
266 1234 387 1309 Siculas
398 1234 593 1336 respublicas
608 1236 825 1338 abrogitunt,
842 1248 877 1313 &
892 1265 942 1359 ty:

63 1354 166 1425 tannica
184 1354 325 1455 imperia
346 1356 603 1443 constituerunt,
623 1356 941 1459 &Peloponnesum

63 1474 243 1563 afflixerunt,
267 1478 428 1577 bellisque
454 1506 491 1551 ac
514 1479 730 1554 seditionibus
751 1480 942 1580 compleve-

64 1620 126 1667 tunt.
145 1599 274 1671 Etenim
291 1626 472 1697 quamnam
488 1599 622 1674 illinon
642 1588 875 1701 oppugndrunt
893 1600 943 1673 ci·

65 1715 190 1791 vitatem?
203 1719 367 1819 quosnam
382 1721 399 1793 ὲ
414 1718 508 1793 sociis
524 1748 593 1793 non
605 1722 712 1820 aliqud
724 1721 874 1795 laesetunt
888 1723 943 1794 in-
1040 1784 1044 1787 .

65 1838 149 1933 jurii?
174 1824 249 1914 nonx
270 1835 355 1915 Eleis
379 1844 449 1943 agri
469 1867 595 1943 partem
623 1843 846 1917 ademerunt?
872 1871 943 1916 non

66 1958 289 2034 Corinthiorum
301 1962 472 2062 regionem
484 1960 632 2063 populati
645 1961 741 2036 sunt?
759 1990 827 2036 non
841 1965 944 2037 Man-

36 2092 37 2095 ’
66 2076 159 2153 tineam
178 2083 212 2153 in
234 2084 327 2157 vicos
349 2082 569 2183 redegerunt?
589 2110 659 2156 non
677 2084 866 2159 Phliuntem
888 2112 944 2159 ex-

66 2200 241 2297 pugnlrunt?
271 2230 341 2274 non
370 2202 574 2304 Argivorum
597 2232 691 2305 agros
713 2205 943 2280 incursirunt?

67 2320 238 2419 Unquamne
250 2334 288 2398 ὃ(
300 2324 381 2397 alios
391 2326 569 2425 exagitate,
584 2334 618 2399 δι
629 2325 758 2399 cladem
768 2326 828 2412 sibi
838 2329 959 2435 Leuc-²

68 2442 153 2517 nicam
166 2475 341 2549 preparate
354 2448 566 2523 destiterunt?
583 2449 697 2540 Quam
708 2448 767 2547 qui
776 2448 868 2521 aiunt
876 2477 945 2521 ma·

67 2560 147 2638 lorum
157 2568 273 2667 Spartae
287 2566 379 2642 fuisse
392 2567 521 2641 causam
532 2621 544 2652 ‚
557 2567 575 2639 d
587 2594 665 2641 veto
684 2567 846 2642 aberrant.
872 2570 944 2641 Nec

69 2685 134 2759 enim
149 2690 190 2777 ob
206 2718 282 2765 eam
302 2692 466 2765 sociorum
484 2690 562 2763 odia
579 2688 809 2792 susceperunt3
826 2689 884 2763 sed
898 2690 945 2763 ob

68 2802 238 2905 superiorum
262 2838 451 2914 tempotum
472 2811 628 2910 injurias,
653 2819 690 2883 δε
708 2810 794 2883 hanc
816 2809 944 2884 cladem
1034 2893 1036 2897 ,

73 2988 311 3013 ...ιι-ι·-

70 3111 111 3173 hac
122 3117 281 3181 accusatorie
296 3117 450 3180 scribuntur
467 3114 563 3179 contri
579 3117 743 3181 historiam:
760 3138 826 3178 nam
845 3118 944 3201 Clear-

69 3210 132 3280 chus,
143 3218 363 3279 lacedaemonius
374 3217 437 3277 exul
447 3260 456 3289 ‚
470 3214 587 3279 colledl
598 3217 741 3277 latronum
751 3216 856 3290 manu,
866 3222 943 3296 Cyto

69 3312 285 3387 ninotl,·frattent
294 3322 472 3375 Artaxerxem
485 3318 676 3399 oppugnanti,
690 3336 805 3397 operam
815 3315 944 3375 navabat.

70 3406 191 3485 Quantum
199 3414 232 3473 ad
242 3413 317 3475 sada
325 3436 384 3494 quae
394 3412 553 3495 sequuntur,
562 3410 945 3475 nonnostrltmestearesctte

71 3502 199 3585 lgillatlm:
210 3510 367 3573 consulatur
377 3511 506 3583 historia,
517 3510 562 3572 vel
572 3508 639 3569 fides
648 3509 679 3569 fit
690 3532 772 3591 penes
783 3527 933 3569 oratorem.
1040 3554 1047 3581 ,

106 3586 143 3676 ll.
164 3594 239 3685 13.]
259 3594 382 3683 Aburii,
412 3606 531 3689 nempe,
550 3598 607 3667 etit
629 3606 753 3675 πολίων.
779 3602 837 3669 Hic
854 3622 947 3666 autem

71 3700 140 3780 ²gitut
152 3705 297 3787 pracsertim
310 3706 345 3775 de
356 3706 469 3772 urbibus
482 3690 632 3769 socioium.
685 3711 689 3719 '
