2750 4742
171 456 173 460 ·
217 424 751 503 PANATHENAICUS.
855 410 934 520 '437

63 578 109 671 pto
120 573 204 645 etate
217 562 288 646 mee
305 564 413 649 dicet'e
429 563 580 677 videbor.
599 571 671 663 Qui
689 595 793 667 quum
807 566 933 639 nullam

65 694 123 765 attis
135 694 292 777 rhetoricae
310 686 458 794 partem,
476 694 540 767 fine
561 693 612 765 his
637 720 708 791 quae
730 692 750 763 d
771 716 827 763 me
845 689 935 762 dieta

63 812 133 897 sunt,
146 812 203 885 suis
214 812 377 913 discip‘ulis
388 814 547 913 explicate
561 837 701 911 queant,
714 821 750 884 &
763 810 846 882 meis
859 836 936 881 ota·

64 933 179 1005 tionibus
196 962 256 1034 pto
275 924 430 1035 exemplis
450 961 603 1021 utantur,
622 945 657 1009 δε
669 934 748 1006 inde
761 932 933 1041 viditents

64 1054 166 1127 tantbm
183 1056 267 1129 abest
286 1082 321 1129 ut
338 1059 422 1129 mihi
439 1059 582 1133 habeant
597 1058 755 1159 gratiam,
772 1079 873 1134 uttne
890 1079 933 1125 ne
952 1090 958 1099 ·

62 1172 196 1271 negligere
208 1176 345 1272 quidem
361 1175 484 1261 velint,
501 1178 557 1251 sed
568 1177 652 1249 mihi
668 1172 934 1275 usquevstudeant

62 1278 223 1368 obttedbare.
377 1292 379 1298 ’
872 1293 874 1296 ’

99 1422 143 1488 1⁰.
164 1414 255 1497 Diem
274 1417 372 1517 igitur
387 1420 508 1489 nostras
530 1417 695 1489 orationes
711 1417 796 1489 male
816 1400 933 1529 trada-

60 1554 131 1616 rent,
145 1543 176 1605 &
189 1534 289 1633 qudm
301 1536 433 1635 pessime
449 1536 520 1608 fieti
532 1560 660 1637 poterat
668 1528 770 1620 ,cum
780 1535 842 1607 suis
857 1560 934 1606 con-

60 1648 194 1738 ferentes,
213 1656 408 1741 tecitatent,
426 1682 532 1759 neque
549 1654 671 1757 fingula
685 1658 745 1729 tite
757 1656 934 1755 distingue-

60 1788 133 1855 tent,
153 1773 206 1845 sed
225 1774 344 1877 scripta
362 1775 478 1847 misere
497 1774 714 1860 divellerent,
728 1786 762 1849 &
780 1775 935 1848 omuibus
964 1826 968 1829 -

60 1892 145 1965 modis
167 1920 438 1995 corrumperent3
465 1924 533 1969 non
561 1897 672 1969 curavi
697 1924 735 1969 ea
758 1924 828 1995 quae
852 1897 936 1995 mibi

60 2014 285 2102 nuntiabantur,
302 2016 417 2088 verbm
431 2044 524 2117 aequo
543 2016 655 2088 animo
670 2017 739 2089 tuli.
761 2016 936 2089 Paululitm

60 2156 144 2205 autem
155 2136 225 2207 ante
236 2165 357 2237 magna
367 2139 579 2210 Panathenaea
590 2162 722 2239 propter
729 2164 785 2209 eos
795 2138 936 2237 graviter

60 2278 216 2329 commotus
234 2257 319 2330 sum.
341 2257 491 2349 Quidam
505 2259 595 2330 enim
612 2286 651 2331 ex
665 2259 747 2329 meio
763 2256 937 2348 familiari-

59 2373 181 2450 busmihi
189 2380 325 2453 obviam
334 2380 579 2466 fabbidicebant
589 2404 650 2451 tres
659 2366 940 2481 autquatuotgte·
979 2378 990 2427 ἶ

57 2482 196 2595 geniorum
208 2503 425 2603 sophistarum
435 2498 493 2601 qbi
506 2502 539 2575 se
553 2502 666 2573 omnia
687 2502 766 2573 scite
781 2483 941 2600 profiten-

54 2624 180 2695 tut&ad
188 2624 318 2722 quasvis
328 2625 508 2697 litterarum
519 2647 623 2726 partes
634 2621 782 2699 celeriter
790 2622 938 2695 transeo·
958 2623 964 2648 “

56 2735 127 2824 lant,
148 2744 180 2813 in
194 2748 305 2840 Lyceo
319 2742 544 2834 considentes,
565 2743 641 2815 etim
659 2742 702 2815 de
720 2742 789 2814 aliis
807 2744 936 2843 poetis,

57 2856 111 2930 tbm
120 2860 157 2933 de
168 2864 309 2935 Homeri
319 2859 728 2961 &Hesiodipoematibus,
739 2860 937 2946 diffemitse,

56 2978 122 3051 nihil
139 2984 274 3080 quidem
291 2982 388 3058 suum
400 2982 592 3070 afferentes,
610 2981 667 3055 sed
681 2991 716 3056 &
728 2983 850 3057 horum
868 3008 941 3057 cat-

54 3100 127 3173 nina
142 3102 379 3203 rhapsodotum
397 3130 489 3177 more
499 3096 734 3188 decantantes,
754 3113 790 3177 δι
804 3104 940 3204 elegan-

54 3219 150 3297 tissima
171 3250 309 3323 quotque
332 3224 420 3297 dieta
443 3248 591 3318 veterum
613 3222 809 3295 referentes:
834 3250 940 3325 quum

53 3366 143 3415 autem
161 3362 285 3419 cotona
304 3346 581 3420 circumstantium
604 3344 860 3445 disputationem
879 3372 940 3417 eo-

51 3486 109 3535 rum
123 3466 323 3565 approbasset
331 3521 344 3553 ,
359 3493 463 3539 unum
474 3464 655 3564 quemdam
671 3466 826 3537 intereos
840 3466 940 3543 oude-

51 3580 190 3657 cissimum
214 3586 345 3687 coepiffe
368 3566 424 3659 me
450 3584 634 3657 maledictis
655 3585 815 3684 aggredi3
836 3612 940 3683 quum

52 3700 155 3781 diceret
170 3735 224 3783 me
238 3707 422 3783 istiusmodi
436 3706 551 3781 omnio
568 3731 804 3793 contemnere,
824 3716 858 3781 &
874 3710 941 3781 stu-

678 3832 794 3933 Eeiij
853 3827 856 3835 ’
