2750 4742
249 297 807 380 incuibimus
940 325 978 408 η

101 451 179 536 dere,
198 449 269 552 ipfis
287 445 430 523 maxirnb
446 445 625 520 convenire
641 446 802 533 arbitror,
822 450 882 548 qui
896 453 985 552 peti-

103 573 224 646 culotum'
234 596 362 674 partem
371 568 551 643 maximam
560 567 896 671 sustinebuntrquum
905 601 987 673 prae·

101 695 211 780 serdm,
231 693 314 795 quid
330 691 420 766 fabio
435 689 473 764 sir
492 717 574 790 opus
590 689 795 790 intelligere,
811 693 849 763 in
870 693 985 768 medio

100 816 127 890 sir
148 816 294 888 omnibus
318 813 470 916 positum.
502 811 592 884 Nam
617 809 640 884 si
661 809 865 911 exploratum
887 814 986 900 esset,

99 939 219 1012 seniores
230 938 278 1011 de‘
286 935 442 1024 omnibus
459 933 552 1007 rebus
564 933 737 1009 restissimd
750 935 922 1032 judicate,
932 946 988 1036 ju.

101 1061 189 1132 niores
203 1085 311 1134 aurern
329 1059 453 1158 ubique
467 1057 604 1160 veritate
623 1055 720 1142 falfi,
737 1085 807 1130 non
822 1060 990 1134 immeritb

104 1211 151 1255 nos
163 1182 324 1256 idicendd
339 1180 499 1254 sententia
514 1205 707 1253 arceremur.
727 1182 792 1254 Sed
804 1209 908 1280 quum
921 1210 992 1256 non

104 1305 137 1377 ob
151 1332 304 1377 annorum
322 1329 499 1375 numerum
517 1300 587 1373 aliis
608 1300 664 1372 alii
682 1299 839 1400 sapientiai
857 1303 992 1402 praeel-

102 1419 233 1510 lant,sed
241 1425 285 1498 ob
292 1425 509 1526 ingenium&
520 1421 869 1522 diligentiam3nonne
878 1425 994 1498 utrius·

106 1573 161 1644 que
176 1547 264 1618 atatis
277 1544 459 1646 periculum
472 1541 663 1616 faciendum
672 1545 735 1628 est,
748 1545 995 1620 utexomnibus

104 1665 139 1738 iis
149 1693 211 1764 qua
220 1665 302 1739 diua
312 1664 454 1749 fuerint,
468 1664 563 1737 vobis
575 1662 741 1738 utiliffima
753 1691 890 1764 quaque
901 1665 996 1768 liceat

107 1787 219 1888 eligere.
236 1789 297 1860 Eos
309 1788 409 1887 porto
422 1787 546 1869 miror,
564 1783 587 1855 fi
600 1785 659 1882 qui
672 1783 748 1857 sunt
760 1786 819 1884 qui
831 1785 996 1860 arbitren-

108 1933 148 1980 tur
155 1936 208 1981 nos
216 1909 351 2008 quidem
362 1907 602 2007 terrdmsrique
618 1933 695 1978 cum
713 1907 853 2007 imperio
866 1907 996 2009 praeeffe

110 2053 263 2128 oportere3
285 2030 343 2102 ubi
373 2029 396 2101 fi
422 2055 493 2100 non
516 2027 603 2099 redd
629 2025 858 2113 consulamus,
885 2029 998 2104 multis
1050 2034 1054 2041 ’

112 2152 278 2250 magnisque
291 2149 528 2222 calamitatibus
541 2149 851 2223 circumvenerimus
863 2178 998 2252 rempu-

115 2269 234 2366 blicam,
249 2272 358 2344 dicere
372 2294 482 2342 autem
492 2295 563 2368 qua
577 2267 734 2342 sentimus
744 2296 813 2356 non
824 2275 1001 2372 oportere,

112 2387 159 2460 ubi
172 2391 257 2463 torius
271 2392 319 2463 rei
328 2389 489 2489 judicium
501 2415 600 2488 penes
610 2415 669 2462 vos
683 2393 788 2476 est‚&
797 2392 873 2478 ubi,
887 2391 911 2465 st
923 2393 999 2466 sco-

111 2537 178 2610 pum
192 2514 413 2613 attigerimus,
437 2511 558 2583 utilitas
578 2511 709 2611 publice
730 2512 773 2584 ad
792 2542 929 2599 omnes,
954 2513 1023 2587 fin‘

108 2633 199 2706 nostri
215 2633 470 2708 aberraverimus
483 2632 666 2732 opinione,
685 2633 827 2707 dedecus
844 2637 1001 2735 privatim

108 2753 143 2828 ad
160 2783 213 2829 nos
223 2756 418 2858 pertinebit,
430 2755 496 2828 sine
509 2754 578 2828 ullo
591 2735 777 2858 reipublicae
788 2756 1001 2832 detrimento.

104 2877 134 2946 N
135 2903 212 2975 eque
220 2879 297 2952 verb
307 2877 360 2952 vel
369 2877 433 2949 ulla
444 2875 579 2949 dicendi
586 2877 783 2980 cupiditate,
798 2878 850 2951 vel
863 2881 1001 2980 pristina:

104 3027 177 3072 meae
187 3002 257 3074 vitae
267 3001 432 3076 mutanda
444 2999 579 3072 consilio
591 2998 767 3099 impulsus,
779 3000 846 3074 hac
858 3029 1003 3075 comme·

99 3269 151 3337 M,
167 3269 216 3338 N,
230 3266 368 3326 &Betria

149 3345 186 3437 [l.
201 3383 238 3434 19
252 3371 278 3422 &
294 3347 366 3438 ια]
382 3355 594 3450 ΔιαμαρτὸνΊες
605 3359 636 3428 di
646 3362 700 3432 τῒις
711 3359 853 3444 ἡμετέρας
866 3350 1000 3441 waima,

94 3465 287 3541 interpretatus
302 3459 363 3520 sum
376 3507 384 3534 ‚
399 3461 437 3520 sm
452 3461 543 3522 nostri
555 3463 770 3521 aberravetimus
783 3457 933 3530 sententi53
949 3481 1003 3540 po·

94 3553 189 3618 tuirser
213 3560 300 3618 etiam
319 3562 413 3632 verti,
434 3558 472 3618 sin
491 3557 582 3619 nostri
610 3557 670 3618 falsi
695 3557 828 3616 fuerimus
851 3559 1005 3639 opinione,

89 3661 111 3718 i.
125 3678 151 3718 e.
168 3655 188 3716 fi
202 3676 261 3716 non
275 3653 315 3718 itb
328 3650 400 3720 redte
413 3655 576 3719 senserimus
591 3676 621 3718 ert
634 3655 844 3717 arbitrabamur.
