2750 4742
205 368 210 377 ’
288 369 296 380 ’
379 372 726 462 ‘'ru'rtusrs.
964 418 1018 477 ,η

109 516 272 584 recensentur
285 520 345 585 trinu
357 544 404 606 per
413 526 616 597 narrationem,
629 522 689 585 trinu
702 546 749 607 ptr
758 528 980 607 praeteritionem.

151 625 193 697 3⁰.
210 626 393 702 Praedicantnr
404 624 527 708 ejusdem
539 625 693 699 fortitudo,
708 630 810 708 pietas,
824 627 968 710 sapientia.

148 735 194 797 4⁹.
213 734 342 789 Sermone
351 729 753 815 longiori&magnificenriori
760 728 1018 793 ostendirlsocrares

108 825 187 907 hujus
198 829 362 911 sapientiam
372 833 516 895 eminuisse
530 832 680 915 prasertim
691 836 720 894 in
733 836 848 897 civitate
859 832 1016 896 Athenirnfi

108 930 332 997 administrandi.
1058 930 1061 935 ¹

143 1038 225 1100 Redit
235 1040 271 1100 ad
284 1042 422 1103 Helenam
434 1046 512 1123 cujus
523 1040 759 1122 pulchritudinem
773 1040 951 1101 commendat
964 1088 974 1117 ,

142 1144 195 1200 ΙΙΙ.
213 1143 426 1203 Amultitudine
434 1152 461 1204 ot
473 1144 621 1205 nobilitate
633 1144 753 1224 aliorum
765 1141 845 1224 ipfius
856 1163 1014 1224 procorum.

144 1245 253 1304 Mentio
269 1244 302 1305 fir
315 1246 471 1328 posterioris
483 1245 575 1330 raptlrs
587 1246 654 1309 facti
668 1243 686 1309 *a
699 1246 794 1309 Paride
805 1250 947 1325 Trojano,
965 1250 1016 1329 qui

105 1350 352 1428 cognominabatur
362 1349 522 1413 Alexander.
540 1354 634 1424 Huius
647 1349 753 1413 facinus
763 1348 936 1420 defenditur,
954 1352 1015 1410 imo

105 1454 132 1507 δι
142 1454 282 1529 preconiis
289 1452 408 1515 donatur
418 1453 499 1535 ipsius
508 1455 658 1534 judicium:

148 1555 184 1615 1⁰.
201 1557 307 1635 Rapuit
320 1557 456 1619 Helenam
467 1579 523 1617 non
535 1555 594 1619 tim
605 1558 757 1639 voluptaris
769 1575 915 1637 appetens,
927 1548 1014 1636 quim

103 1646 211 1735 cupidus
224 1678 353 1719 materne
365 1660 519 1720 nobilitatis
529 1658 579 1719 suo
590 1660 684 1745 generi
698 1657 888 1719 concilianda.

100 1754 104 1758 ’
143 1768 187 1818 2⁰.
206 1766 317 1831 Nemo,
330 1759 1015 1845 nifiinsanus,ejusvirijudieiumcontempserit,

103 1881 184 1940 quern
206 1863 263 1924 de'ae
285 1866 477 1946 potentissimae
499 1870 528 1927 in
545 1889 573 1929 re
591 1868 708 1927 maximi
726 1867 862 1927 momenti
880 1864 1015 1925 arbitrum

103 1963 246 2048 elegerunt.

143 2074 182 2145 3⁰.
203 2077 272 2133 Earn
286 2076 378 2155 rapuit
391 2074 536 2137 mulierem
551 2094 636 2156 quarn
658 2072 741 2133 multi
761 2070 874 2132 semidei
896 2067 1014 2132 adami·

103 2190 177 2244 runt,
189 2179 266 2250 cujus
277 2176 367 2261 gratial
379 2177 441 2237 Afia
452 2187 479 2241 ot
491 2184 599 2259 Europa
610 2176 698 2260 longo
714 2173 807 2235 duello
821 2172 882 2235 sunt
893 2172 1014 2243 conisa,

103 2271 200 2355 ipfique
211 2278 260 2335 Dii
274 2278 444 2340 immortales
454 2281 553 2341 acriter
563 2280 634 2339 inter
646 2275 672 2337 se
684 2272 884 2361 depugnlrunt.

139 2378 210 2463 ilinc
222 2375 343 2440 nascitur
352 2380 429 2443 locus
439 2385 596 2442 communis
604 2380 637 2441 de
650 2376 852 2459 pulchritudine
864 2374 939 2439 haud
952 2378 1010 2438 im·

101 2478 196 2557 merito
203 2480 396 2544 nobilissimus.
407 2481 616 2543 Demonstratur
626 2482 701 2540 illius
710 2480 783 2541 dotis
793 2478 961 2561 praestantia:

139 2588 175 2642 ι’.
191 2588 241 2643 Per
250 2585 369 2645 rationes
379 2582 579 2665 metaphysreas
588 2592 614 2643 δι
628 2582 664 2643 ab
677 2578 839 2649 effediibust

140 2689 179 2747 2⁰.
197 2692 238 2747 Ex
249 2687 356 2766 judicio
366 2686 449 2770 ipsius
458 2695 474 2752 J
476 2689 539 2749 ovis
549 2696 577 2747 dt
589 2688 717 2746 omnium
731 2684 929 2749 coelicolarum.

136 2792 157 2847 A
174 2786 375 2869 pulchritudine
388 2791 417 2849 in
433 2810 533 2872 genere
548 2792 693 2849 revertitur
707 2806 800 2847 orator
814 2788 848 2847 ad
862 2786 1011 2870 pulcherri-

101 2909 171 2950 mam
182 2891 320 2952 Helenam
329 2896 406 2972 cujus
414 2891 539 2955 divinam
549 2892 703 2973 potentiam
713 2890 854 2973 praedicat.

471 2996 618 3075 Epilogus.

135 3102 167 3159 In
177 3096 231 3159 hoc
244 3098 363 3183 Epilogo
377 3104 416 3161 1⁰.
427 3100 560 3161 admonet
571 3102 718 3163 colendam
728 3101 781 3162 elie
796 3099 945 3163 Helenam.

29 3245 30 3250 1
139 3202 178 3262 2⁰.
199 3205 339 3260 Memorat
354 3198 469 3262 strictim
483 3205 579 3263 omnia
592 3203 673 3283 ipsius
687 3202 841 3277 beneficia,
860 3224 893 3262 ex
906 3202 1008 3283 quibua

98 3296 177 3361 lustris
183 3302 325 3382 explicatis
334 3304 428 3363 multet
437 3305 499 3365 alite
506 3304 628 3365 constare
635 3302 735 3385 potsunt
747 3304 928 3365 laudationes.

135 3504 198 3560 Non
210 3497 376 3583 constatqud
383 3520 461 3563 artare
472 3500 543 3562 hanc
551 3503 707 3563 orationem
715 3498 848 3580 scripserit
857 3497 1005 3572 Isocratem

100 3596 142 3662 sed
151 3621 184 3663 ex
199 3602 283 3683 hujus
290 3625 386 3689 genere
395 3613 423 3667 dt
435 3602 507 3686 llplo
517 3605 627 3668 uidetur
637 3625 701 3667 tunc
711 3600 790 3665 fuisse
800 3602 965 3679 adolescens.

497 3728 601 3813 ’Ψ

658 3876 662 3888 .
772 3752 860 3885 xrv
