2750 4742
188 304 468 401 BUSIRLDIS
500 300 802 383 LAUDATIO.
888 315 959 407 387

58 450 261 555 iniquioribus
282 454 420 539 animis,
441 454 568 553 quanto
587 454 766 529 accuratiiu
785 454 822 527 in
840 478 958 529 eorum

58 599 148 651 errata
164 576 357 678 inquisitum
375 574 494 651 fuerit:
515 577 564 651 hae
578 603 691 653 tarnen
706 577 904 653 offensiones
916 577 957 651 iis

58 695 303 775 luntsubettndae
314 700 372 799 qui
380 696 542 797 aliquibus
552 724 591 773 ex
600 699 808 775 animobend
816 698 935 775 volunt
941 722 955 787 ;

60 845 208 919 operaque
220 820 334 895 danda
347 823 392 894 est
402 844 439 893 ut
451 821 510 919 qui
522 819 586 893 hoc
601 803 706 895 modo
719 821 796 922 eigai
808 819 958 894 conlilia·

61 939 114 1011 cios
126 941 232 1015 affecti
249 942 349 1029 sunt,
363 942 404 1015 ab
416 942 474 1015 istd
486 941 646 1047 opinione
659 941 872 1017 deducantur.

99 1065 208 1155 Quum
220 1064 321 1165 igitur
332 1062 594 1138 animadvertam
607 1088 638 1136 ce
650 1063 704 1138 vel
716 1062 879 1163 imprimis
885 1062 958 1163 glo·

63 1184 145 1269 ciari,
164 1184 235 1257 nim
252 1184 445 1259 defensione
465 1184 640 1270 Busiride,
661 1184 734 1258 tium
748 1184 888 1257 Socratis
901 1210 959 1256 ac·

63 1300 234 1391 cusatione,
257 1306 321 1379 tibi
343 1302 555 1378 manifestum
575 1302 681 1377 facere
705 1303 851 1377 conabor
870 1327 903 1376 te
921 1302 960 1375 in

64 1424 179 1525 unique
190 1429 344 1500 oratione
354 1425 453 1527 longi
465 1423 506 1496 ab
516 1424 656 1497 oratoris
666 1422 778 1497 officio
789 1422 959 1497 aberralle.

65 1542 137 1619 Nam
153 1565 264 1645 quum
276 1572 395 1621 omnes
416 1544 518 1619 sciant
532 1544 577 1617 eis
591 1544 649 1643 qui
666 1544 812 1644 aliquem
825 1542 959 1617 laudate

66 1668 163 1739 volunt
190 1669 437 1743 ostendendum
470 1658 534 1741 elle
562 1666 709 1766 pluribus
736 1666 832 1740 illum
859 1664 958 1737 bonis

67 1790 157 1861 ornari
171 1792 271 1890 quim
287 1790 398 1865 reveri
411 1788 552 1875 habeat,
574 1790 620 1861 eis
635 1790 715 1862 veri>
734 1788 792 1887 qui
808 1785 959 1860 accusant

69 1911 244 1985 contrariam
269 1913 361 1986 viem
383 1910 447 1985 elle
467 1909 701 2005 insistendam3
728 1907 856 1981 tantum
871 1907 959 1980 abest

68 2035 209 2107 uteamin
221 2034 368 2109 dicendo
377 2034 541 2139 rationem
552 2056 588 2105 tu
598 2030 723 2105 secutus
734 2030 789 2116 fis,
800 2029 958 2115 uc‚Busr-

70 2153 131 2227 ridis
154 2153 382 2231 defenlionem
406 2153 588 2259 profellus‚
609 2181 680 2225 non
697 2152 802 2226 modo
820 2152 960 2225 crimina

71 2300 126 2371 que
141 2276 186 2350 illi
198 2279 401 2379 objiciuntur
413 2304 483 2350 non
497 2276 665 2361 refutatis,
681 2275 739 2349 sed
752 2284 787 2349 δι
798 2274 962 2377 insignem

71 2395 95 2467 ei
108 2400 326 2476 crudelitatem
343 2401 529 2503 impunitis,
546 2399 610 2497 qui
622 2395 713 2470 nulla
722 2398 854 2498 gravior
865 2423 963 2469 enco⁴

72 2517 149 2615 gireii
162 2548 267 2620 queat.
295 2525 411 2617 Quum
425 2523 516 2595 enim
533 2520 632 2593 ceteri
650 2518 709 2617 qui
722 2519 799 2591 huic
817 2517 960 2591 maledi-

72 2664 128 2714 cere
146 2646 277 2745 aggtelli
301 2644 397 2730 sunt,
418 2669 524 2717 unum
542 2642 606 2714 hoc
622 2640 811 2713 convicium
828 2640 865 2712 in
882 2665 962 2713 eum

73 2759 214 2853 dixerint,
243 2766 336 2867 quod
361 2766 481 2868 nempd
510 2763 653 2866 hospites
680 2762 874 2836 sacrificaret
901 2762 962 2861 qui

74 2882 107 2954 ad
117 2884 214 2985 ipsum
229 2888 429 2975 veniebant,
453 2914 488 2962 tu
505 2889 606 2963 etiam
624 2888 716 2989 quod
732 2884 885 2973 homines
900 2886 962 2958 de·

74 3033 184 3085 voraret
195 3012 290 3089 illum
303 3040 338 3087 es
352 3014 550 3087 criminatus.
573 3015 691 3105 Quum
703 3011 782 3085 veto
794 3010 966 3081 Socratem

75 3130 199 3207 accusare
218 3132 423 3219 instiruilles,
447 3135 479 3207 ei
501 3131 735 3218 Alcibiadem,
754 3128 842 3230 quasi
862 3127 964 3203 velles

75 3245 209 3341 laudate,
227 3256 424 3358 discipulum
446 3254 604 3329 tribuisti:
625 3280 727 3354 quem
746 3252 788 3325 ab
812 3276 854 3325 eo
868 3246 963 3322 fuille

77 3424 961 3461 W

118 3533 155 3627 [l.
176 3541 227 3635 5·]
248 3545 320 3626 Tdvt
343 3546 575 3641 σὺμέυλευόνἾας
596 3551 691 3614 addidi
711 3570 776 3612 cum
791 3553 880 3611 Battie
894 3532 962 3613 ‘cive

79 3649 141 3724 quod
155 3642 253 3719 abcst‘i
269 3658 346 3742 vulg.

718 3749 818 3849 uun
