2750 4742
227 318 241 377 1
273 318 542 397 nusrnrurs
574 308 876 398 crunni-ro.
912 312 915 317 ’
960 335 1033 417 409·

80 432 84 436 ’
112 438 1037 521 diuisilluminsettantesmendaciifacileconvmcm-

25 584 26 589 ’
114 586 187 637 tur.
214 566 305 639 Nam
326 566 430 641 iidem
451 565 526 639 sunt
549 566 608 665 qui
626 565 808 641 Busiridem
823 575 859 640 &
878 564 1034 641 cesorum

112 684 295 787 hospitum
310 687 480 773 accusent,
498 698 533 762 δι
545 689 586 761 ab
599 689 742 762 Hercule
752 684 1036 761 interfectumerse

113 804 251 907 dicant.¹
279 810 421 911 Constat
445 833 556 884 autem
577 810 664 883 inter
685 836 803 882 omnes
831 808 1038 881 historiarum

116 923 323 1025 scriptores,
346 929 463 1002 Perseo
485 929 579 1008 Jovis
607 939 642 1003 &
666 930 791 1003 Danaae
809 928 879 1001 filio
898 952 1038 1028 quatuor

119 1046 275 1121 aetatibus
289 1048 468 1122 Herculem
484 1047 548 1122 else
563 1050 749 1148 juniorem,
767 1048 948 1123 Bufiridem
961 1049 1041 1121 vero

120 1159 202 1267 plue
218 1170 319 1267 qulm
334 1170 483 1244 ducentis
501 1173 595 1245 annis
610 1171 785 1245 seniorem.
806 1170 947 1243 Arenim
958 1167 1042 1269 quid

121 1289 300 1395 absurdius
322 1282 422 1392 quiin
441 1318 494 1379 te,
518 1321 623 1394 quum
648 1293 750 1369 factas
775 1292 817 1369 de
835 1293 895 1365 illo
915 1291 1042 1365 calum·

123 1410 203 1483 nias
214 1410 354 1487 refutare
365 1414 725 1515 velles,argumentum
736 1416 799 1490 hoc
810 1414 880 1489 tim
890 1413 1044 1501 evidens,

126 1529 203 1607 tam
218 1532 373 1621 firmum,
394 1532 654 1638 praetermisrsse?

139 2064 144 2068 ’
188 2062 240 2148 4⁰.
267 2057 398 2133 Verltm
414 2083 472 2145 tu,
493 2058 637 2133 veritatis
655 2059 745 2133 nullal
767 2057 878 2132 habitl
897 2059 1050 2145 ratione,

43 2233 47 2239 .
134 2192 311 2282 poetarum
324 2180 501 2255 maledicta
511 2181 637 2255 secutus
650 2208 703 2276 es3
717 2180 774 2282 qui
784 2207 823 2253 ex
832 2179 894 2253 diis
908 2180 1051 2253 immor-

137 2298 259 2373 talibus
286 2302 415 2401 genitos
444 2304 605 2377 atrociora
630 2302 703 2376 tum
728 2300 949 2402 perpetrasse,
979 2300 1051 2373 tltm

129 2420 306 2523 perpessos
332 2422 425 2510 esse,
450 2422 619 2508 asserunt,
645 2422 747 2523 qulm
771 2422 855 2495 filios
876 2422 1055 2495 hominum

142 2540 377 2642 nefariorum,
407 2544 551 2643 talesque
578 2541 704 2616 fabulas
726 2542 769 2615 de
793 2541 880 2645 ipsis.
893 2541 954 2615 diis
980 2540 1056 2615 sunt

142 2644 354 2751 commenti,
374 2666 486 2765 quales
505 2693 607 2739 nemo
630 2667 665 2739 in
684 2665 758 2739 suos
775 2665 928 2738 inimicos
948 2666 1057 2738 dicere

145 2786 275 2860 audeat.
296 2788 368 2861 Nec
388 2789 480 2861 enim
503 2786 589 2861 furta
608 2787 738 2875 solum,
759 2799 796 2864 &
817 2789 997 2875 adulteria,
1022 2798 1058 2863 &
1109 2874 1111 2878 ¹

147 2910 238 3010 apud
252 2909 405 2983 homines
426 2910 618 2996 servitutes,
640 2911 705 2983 illis
721 2911 978 3013 exprobralrunt3
1001 2894 1059 2983 sed

124 3116 127 3121 Δ
147 3040 187 3106 &
202 3030 382 3106 liberorum
394 3031 648 3120 devotationes,
665 3045 701 3109 δι
713 3059 843 3136 patrum
851 3034 1058 3119 exectiones,

147 3164 188 3231 δέ
203 3178 347 3229 matrum
364 3158 576 3243 concubitus,
594 3168 629 3232 δι
640 3158 745 3231 multa
755 3158 817 3249 alia
830 3158 996 3231 teterrima
1007 3154 1060 3229 sa-

149 3272 285 3361 cinora',
309 3275 352 3351 de
376 3277 415 3348 iii
441 3276 679 3352 confinxerunt.
710 3282 774 3351 Pro
794 3278 912 3376 quibus
928 3276 1060 3348 meritas

149 3397 290 3496 quidem
304 3424 416 3497 poenas
428 3424 498 3469 non
512 3399 694 3483 dederunt,
712 3426 782 3471 non
797 3422 907 3470 tamen
919 3396 1062 3505 omninp

150 3516 339 3617 effitgetunt
352 3519 536 3619 impuniti:
565 3516 622 3593 secl
645 3512 702 3593 alii
724 3543 858 3592 errones
877 3517 1011 3589 filerunt
1027 3525 1062 3589 &

153 3636 263 3714 violis
279 3640 468 3741 quotidiani
487 3641 628 3743 inopes,
647 3640 705 3717 alii
721 3638 877 3715 obcaecati
885 3637 989 3723 sunt,
1008 3635 1065 3711 alii
