2750 4742
203 320 797 405 DEPACEORAT10.·
879 356 947 429 ιη

70 466 210 565 quinatos,
226 497 330 571 quum
342 470 529 545 triremibus
541 472 830 574 imponerent‚ab
840 476 952 549 omni·
1033 450 1040 477 ⁴

70 586 110 659 bus
128 591 243 663 Gtaecis
264 592 346 664 odio
367 586 474 665 habiti
491 592 589 691 sunt3
611 604 646 669 δι
667 594 803 696 optimis
824 595 952 669 civibus

69 709 325 786 aliatumurbium
345 714 481 813 ejedtis‚
502 715 635 789 illorum
655 743 735 818 opes
754 716 953 818 improhiffi·

69 825 585 936 nisGraecotum‘dilatgiebantur.
610 837 779 913 Venimsr
797 838 954 912 auderem

68 951 170 1025 iliorum
183 980 373 1056 tempotum
390 958 511 1032 desidia
526 960 671 1032 accurate
688 958 863 1060 persequi,
881 957 955 1031 for·

70 1074 128 1146 taffis
139 1073 300 1150 efficerem
315 1102 352 1149 ut
365 1103 425 1151 vos
438 1078 572 1176 reliquis
586 1077 628 1150 de
640 1077 736 1151 rebus
744 1077 864 1151 reditis
875 1104 955 1149 con·

70 1195 204 1282 suietetis,
222 1197 281 1271 sed
293 1197 362 1299 ipse
376 1200 412 1270 in
425 1199 550 1272 crimen
563 1199 724 1273 venirem.
733 1198 851 1271 Soletis
861 1198 955 1271 enim

70 1316 146 1389 odisse
157 1345 226 1390 non
243 1318 313 1391 tim
328 1342 538 1419 peccatotum
556 1343 686 1405 autores
703 1319 805 1418 qudrn
821 1344 956 1418 eorumf

69 1440 126 1512 dem
136 1441 390 1542 reprehensores.
408 1445 489 1535 Quo
500 1442 614 1515 animo
624 1467 730 1539 quum
738 1440 804 1514 fitis
813 1494 825 1526 ,
840 1465 955 1515 veren-

69 1560 131 1632 dum
139 1562 215 1661 nnhi
228 1566 292 1647 est,
305 1590 364 1649 ne,
373 1563 455 1637 ditm
467 1561 561 1637 vobis
574 1560 768 1637 benefacere
781 1589 898 1646 conor,
909 1561 954 1633 de

68 1681 166 1781 meipso
178 1684 266 1756 male
278 1710 414 1758 mereat.
433 1686 514 1756 Non
526 1708 638 1758 tamen
651 1684 793 1757 omninb
803 1683 955 1759 defistam

69 1802 97 1873 ab
106 1804 137 1876 iis
151 1832 218 1903 quae
233 1804 358 1879 institui
369 1817 384 1889 ‚'
400 1802 457 1877 sed
471 1806 678 1879 acerbissimis
693 1804 899 1906 quibusque,
915 1812 952 1877 δε

69 1951 120 2021 qua
141 1926 358 2002 molestiffima
377 1925 473 1999 vobis
495 1924 558 1999 esse
580 1925 723 2026 poffint,
746 1924 892 2009 omissis,
915 1950 955 1997 ea

68 2044 151 2119 solim
170 2044 444 2121 commemorabo
470 2047 487 2117 ὲ
510 2045 628 2146 quibus
652 2044 799 2119 sentiatis
819 2044 954 2122 illorum

70 2170 220 2243 amentiam
236 2169 296 2269 qui
311 2193 389 2243 tunc
408 2196 457 2243 res
475 2167 755 2245 administrabant.

101 2502 179 2587 Nam
193 2502 238 2575 itai
260 2502 416 2602 exquisite
431 2502 656 2603 excogitairunt
671 2526 729 2601 pet
743 2527 815 2599 quae
826 2500 954 2601 potiffi·

69 2620 142 2695 niun
153 2624 229 2697 odio
241 2623 425 2699 habeantur
437 2624 591 2697 homines
602 2620 613 2709 ς
625 2647 661 2696 ut
673 2622 887 2695 decernerent
898 2648 955 2721 pe-

70 2743 176 2817 cuniam
185 2772 256 2844 quae
264 2772 303 2818 ex
312 2744 440 2817 tributis
448 2743 641 2844 superesset,
652 2744 688 2815 in
700 2742 823 2843 fingula
833 2742 955 2815 talenta

69 2860 268 2952 distributam,
285 2864 541 2939 Bacchanalibus
558 2865 594 2935 in
608 2864 806 2937 orchestram
822 2862 954 2957 efferri3

69 2986 190 3087 utrisque
210 2987 500 3073 demonstrantes,
531 2996 568 3061 δε
592 2985 687 3060 sociis
712 2985 782 3059 suas
807 2984 955 3085 ipsorum

69 3260 188 3347 ἐκφέρειν,
209 3258 304 3323 efferre
323 3249 488 3345 (pecuniam
510 3282 544 3320 cx
564 3240 718 3332 thesauro)
736 3262 766 3319 in
784 3256 954 3317 orchestram

70 3352 113 3431 (in
129 3347 253 3439 scenam)
275 3360 515 3425 Bacchanalibus',
536 3358 636 3440 nempe
652 3393 664 3425 a
683 3354 864 3417 dividendam
882 3355 955 3413 inter

68 3479 136 3518 oves.

106 3540 146 3631 [1.
166 3540 244 3635 23·]
267 3542 324 3620 Kai
342 3549 425 3621 ‘riva’
443 3547 583 3628 intraha,
607 3560 635 3614 δι
649 3551 705 3613 hoc
718 3548 875 3622 faciebant,
889 3548 954 3606 he.

69 3657 196 3735 pecuniam
209 3652 376 3749 dividebant.
