2750 4742
218 367 794 450 ,PA.N.AT'HE'NAICUS.‘
911 375 980 468 5‘3'3'

76 508 131 582 dio
147 508 362 618 legerentur,
368 541 493 616 quanto
510 513 622 590 ferunt
630 503 653 588 'a
668 503 848 616 majoribus
864 505 981 590 nostris

73 633 289 747 Areopagitas
301 637 363 752 effe
376 639 496 725 Ιεᾶοε,
512 638 732 737 eamdemque
742 637 806 714 illis
820 639 978 712 autorita-

79 777 143 826 tem
156 756 269 830 tribuit
284 783 385 856 quam
397 744 501 832 sciret
503 759 653 832 senatum
662 758 876 858 Areopagum
889 757 978 901 apud

78 899 134 948 nos
149 877 304 996 habuiffe

125 1145 128 1156 ·
158 1095 556 1168 Courmurtnout's
582 1118 687 1180 uuus
714 1118 888 1173 reterre.

115 1321 444 1424 Lacedaemoniorum
458 1327 556 1428 igitur
570 1351 643 1402 eam
659 1327 724 1408 effe
740 1328 979 1429 rempublicam

73 1475 139 1546 quae
152 1449 240 1549 apud
256 1477 317 1523 nos
328 1450 419 1524 olim·
429 1475 563 1548 quoque
576 1447 697 1539 fuerit,
714 1451 854 1524 emultis
864 1437 977 1524 audire

73 1568 167 1654 iicet,
193 1568 215 1641 sr
239 1571 297 1667 qui
314 1568 396 1642 scire
418 1569 454 1641 id
474 1593 640 1671 exoptant.
663 1571 740 1648 Jam
762 1573 811 1644 rei
829 1565 982 1649 militaris

72 1691 221 1790 peritiam
246 1717 315 1763 non
337 1691 426 1791 prius
449 1689 620 1766 excoluiffe
642 1693 843 1791 Spartanos,
868 1721 977 1793 neque
1036 1728 1039 1734 ·

72 1811 186 1886 melitis
204 1791 360 1914 peregiffe
374 1811 475 1911 quim
499 1815 653 1898 nostros,
682 1813 914 1888 certammibus'
938 1825 976 1889 ὅτ

73 1933 162 2008 bellis
173 1989 188 2020 ,
205 1945 241 2010 &
254 1936 293 2008 iis
309 1963 380 2034 quae
392 1933 480 2008 facta
490 1933 554 2007 effe
567 1934 632 2006 illis
645 1936 850 2034 temporibus
860 1963 978 2010 omnes

73 2057 286 2142 confitentur,
300 2035 356 2130 me
367 2057 413 2128 iti
422 2053 590 2156 perspicui
599 2055 808 2148 ostenfitr‘um
814 2055 973 2144 arbitror,

73 2201 106 2250 ut
129 2203 191 2250 nec
216 2177 267 2252 isti
296 2179 354 2277 qui
384 2177 496 2278 inepte
522 2177 652 2250 student
675 2170 863 2252 Laconibus
890 2179 975 2252 nihil

72 2299 211 2376 habituri
222 2298 306 2373 bnt
296 2324 334 2374 m
347 2327 415 2398 quo
432 2298 540 2375 verbis
553 2299 634 2398 meis
648 2299 896 2418 contradicant,
912 2327 974 2374 nec

70 2418 172 2491 illi
130 2445 231 2494 ettam
247 2420 326 2518 qui,
347 2419 430 2492 dbm
442 2419 539 2500 nobis
551 2389 746 2504 iuuident,
739 2445 801 2494 nos
814 2421 974 2498 mirentur

71 2542 123 2620 &
115 2541 238 2618 mirari
228 2538 407 2646 gestiunh

115 2833 141 2904 l.
168 2832 283 2909 Abeo
304 2807 415 2906 autem
434 2831 585 2906 exordiar
604 2829 699 2930 quod
717 2829 831 2903 auditu
843 2822 974 2908 fortaffe

71 2980 136 3026 non
159 2933 316 3028 omnibus
341 2937 545 3056 jucundum,
569 2951 627 3025 sed
653 2952 750 3026 dicut
767 2976 879 3052 tameo
903 2981 974 3027 non

71 3077 127 3148 erit
141 3055 268 3150 inutile.
290 3076 408 3175 Siquis
421 3077 513 3149 enim
526 3073 770 3148 dicatcivitates
783 3045 973 3189 Acherrierr-

69 3195 134 3268 sem
159 3205 194 3270 &
220 3181 565 3269 Lace'daemoniensem
587 3192 729 3298 plurima
752 3193 946 3296 beneficia
936 3224 972 3268 ιιι

68 3317 194 3416 Graecos
207 3315 396 3400 conrufiffe,
417 3301 619 3413 eosdemque
632 3315 784 3387 maximis
795 3316 890 3388 malis
900 3321 974 3416 post

68 3437 182 3510 Xerxis
203 3435 449 3538 expeditionem
471 3433 610 3512 affecisse
627 3455 732 3519 ,1non
755 3431 883 3535 poterit*
900 3463 971 3509 nou

71 3557 178 3634 dixiffe
198 3587 313 3634 verum
327 3559 367 3632 iis
381 3556 486 3632 videri
503 3557 562 3656 qui
574 3551 771 3634 res'illorum
784 3566 973 3656 temporum
997 3601 1003 3642 ;,
1028 3603 1039 3643 ·.
1143 3558 1145 3565 ’

69 3680 215 3784 cognitas
231 3680 365 3758 habeut.
392 3681 481 3757 Nam
497 3687 532 3754 δι
552 3677 840 3795 quim-fortiffim'e
856 3682 971 3762 contri

707 3801 762 3878 Ll
790 3801 826 3901 iij
