2750 4742
146 515 147 518 Ἴ
281 413 819 492 »ΡΑΝΑΤΗἘΝΑΙΕΙΙᾶ1
933 427 999 516 565

90 541 227 634 instituti
238 589 247 634 t
262 563 448 663 cujusmodi
458 561 552 638 fuisse
562 563 636 636 illos
649 563 727 638 dico
739 565 798 665 qui
808 587 885 638 tunc
897 563 1002 635 admi·-

90 678 265 756 nistrdrunt
273 685 458 771 civitatem,
473 685 596 785 quique
607 709 735 785 autores
745 685 837 760 fuere
848 684 1002 758 omnium

90 801 256 880 bonorum
271 807 367 910 suprd
378 831 732 882 commemoratorum.

371 966 722 1050 Erruoeun

139 1122 305 1221 Equidem
314 1121 414 1196 video
425 1122 506 1195 alios
517 1123 668 1195 maximis
679 1114 880 1196 facinoribus
894 1131 930 1196 &
940 1122 1004 1196 im·

88 1243 205 1343 primis
232 1243 502 1318 memorabilibus
528 1244 725 1318 concludere
745 1245 849 1317 solere
875 1227 1003 1318 oraridss

12 1355 13 1358 ¹
87 1389 160 1436 nes.
180 1365 251 1464 Ego
262 1367 341 1437 verb
355 1391 412 1437 eos
426 1365 484 1463 qui
497 1363 539 1436 fic
548 1363 700 1462 judicant
710 1373 748 1468 dc
760 1390 878 1464 agunt,
891 1365 1002 1466 sapere
1107 1427 1109 1429 .

87 1484 252 1580 arbitror3
270 1485 328 1560 sed
342 1507 453 1560 tamen
467 1483 513 1558 ital
524 1485 643 1560 accidit
656 1511 693 1560 ut
702 1487 796 1560 aliter
807 1486 948 1573 faciam,
967 1497 1004 1564 δε

13 1611 14 1614 ’
88 1607 203 1680 dicere
226 1633 324 1708 cogar
335 1607 503 1697 ulterius(
520 1607 625 1700 Quod
642 1608 733 1680 curi
755 1635 810 1681 me
827 1609 884 1682 fiat
904 1599 1002 1710 pauli)

89 1731 164 1828 post
184 1728 374 1814 ostendam,
394 1727 452 1801 ubi
471 1755 573 1829 pauca
593 1728 778 1808 admodum
794 1730 837 1804 de
858 1731 898 1829 iis
914 1730 1008 1837 pride
1058 1737 1061 1742 ’
1081 1816 1086 1821 ,

90 1847 218 1923 dixero.

93 2023 268 2092 seducitur
289 2023 423 2115 quidam
448 2019 611 2093 [ciconum
629 2021 752 2114 fhutor
776 2049 834 2116 qur
828 2023 1004 2096 Laccda-

289 2144 415 2212 moru'os
434 2142 595 2234 defendere
616 2145 807 2240 aggreditur

69 2323 74 2331 ’
141 2287 291 2360 Tantam
317 2285 413 2384 hujus
434 2285 594 2358 orationis
617 2277 747 2402 partem
759 2285 1003 2435 perscriptam,

59 2435 61 2438 ·
87 2431 218 2508 quanta
224 2435 292 2506 qam
300 2430 431 2480 recitata
439 2387 770 2508 est,corrrgebam
726 2434 803 2480 cum
811 2409 1005 2483 adolescen

91 2529 181 2604 tibus
194 2527 296 2603 tribus
306 2553 362 2602 aut
373 2552 530 2627 quatuor
540 2525 924 2601 famrlrarrtermecum
892 2558 1006 2606 vivere

91 2651 209 2726 solitis.
229 2653 313 2744 Quae
327 2659 451 2749 quum,
472 2648 568 2721 nobis
590 2646 832 2722 recensentibus
846 2643 1007 2751 probata,

92 2773 304 2848 conclusione
314 2771 600 2872 tantiamindigere
609 2768 795 2856 videretur,
805 2772 890 2845 mihi
901 2772 1010 2853 uisum

92 2897 140 2968 est
153 2893 335 2994 quemdam
349 2891 509 2966 accersere
525 2893 583 2992 qui
600 2918 640 2964 ex
653 2892 737 2967 meis
747 2891 914 2994 ‘discipulis
932 2893 1009 2968 fue·

93 3041 169 3102 rat,
186 3015 333 3114 aliquem
350 3039 466 3088 eorum
484 3015 543 3114 qui
563 3015 604 3086 in*
618 3001 797 3114 eligarchid
814 3013 1010 3093 accesserant

94 3138 139 3212 ad
153 3136 392 3238 rempublicam
403 3169 419 3220 ,·
434 3145 470 3210 dc
484 3134 657 3208 laudandis
669 3133 930 3208 Lacedaemoniis
941 3136 1009 3219 im,-

94 3257 398 3362 pensdstudebant3
412 3281 465 3342 ut,
483 3255 599 3356 siquid
615 3253 701 3327 forte
714 3253 797 3327 falsu
808 3254 936 3328 distum
948 3284 1012 3330 nos

93 3379 314 3483 praeteriisset,
330 3381 366 3452 id
381 3379 437 3454 ille
452 3377 719 3454 animadversum
732 3377 828 3450 nobis
838 3377 1009 3454 indicareu

93 3502 204 3605 Venit
217 3503 317 3603 igitur
331 3502 357 3575 is
372 3525 529 3588 voc-atus,
546 3510 582 3574 &
595 3500 737 3601 perledti
747 3497 897 3580 oratione
909 3503 1010 3595 (nam

94 3653 171 3725 quae
187 3623 251 3696 alia
269 3620 513 3696 intercesserunt
536 3620 619 3721 quid
651 3620 763 3693 multis
793 3618 902 3707 dicere
930 3623 1008 3693 atti-

12 3781 13 3784 *
97 3749 200 3842 net?)
219 3769 488 3844 ceterorumque
505 3741 694 3843 scripseram
710 3739 795 3815 nihil
814 3739 1013 3821 molestefe.

655 3957 657 3962 ,
725 3863 799 3950 Nn
827 3862 864 3964 n
887 3888 890 3892 ·
