2750 4742
291 265 771 362 insumentum.
930 291 993 379 jn

88 452 131 505 teu
141 442 285 525 utiqueper
301 444 406 507 hancce
418 447 575 507 orationem
586 466 634 509 eoa
653 448 742 510 veluti
759 466 870 533 arguere
881 447 988 529 injusta

89 569 326 633 condemnationis.
338 576 416 633 Nam
425 580 452 633 δι
464 574 538 654 ipsos
549 576 679 654 poenirnit
692 572 769 657 qudd
778 572 864 656 impii
871 576 992 660 egissent

87 698 189 755 Socrate
205 691 401 759 condemnato.
425 701 506 780 Quin
524 708 552 760 dt
573 700 653 785 gravi
668 698 823 783 pestilentiis
842 703 944 761 moniti
960 709 989 761 dt

88 822 202 893 afflicti,
226 825 300 883 necis
324 825 398 885 illius
419 846 514 907 paenas
536 823 677 888 dederunt.
707 821 791 887 Periit
807 827 855 886 ille
870 815 991 887 Lachete

86 944 235 1041 Archonrm
251 954 343 1031 Atque
362 948 461 1009 exindd
485 936 616 1030 jusserunt
635 946 812 1010 Athenienses
822 971 864 1010 ·ne
880 952 942 1032 quis
959 952 990 1010 in

85 1072 214 1155 posterum
227 1078 345 1139 Socratis
358 1075 488 1160 publici,
507 1076 586 1139 verbi
598 1074 688 1163 gratih
708 1078 737 1137 in
752 1078 895 1137 communi
908 1065 991 1137 theass

85 1222 144 1275 tro,
159 1202 331 1266 meminisset.
349 1210 483 1267 Narratur
491 1227 586 1267 autern
597 1204 756 1286 hujusmodi
768 1204 902 1289 quiddam
913 1206 992 1266 acci·

84 1328 149 1389 dille
168 1354 174 1388 :
195 1332 374 1413 Euripidem,
391 1355 477 1416 quum
500 1332 606 1415 aliquid
626 1333 661 1394 de
680 1333 732 1393 illo
749 1332 838 1395 dicere
857 1322 988 1414 cuperet,

84 1477 132 1516 nec
148 1457 255 1518 auderet
272 1477 364 1521 tamen
376 1486 390 1531 ,·
400 1458 505 1521 finxisse
524 1458 648 1521 fabulam
662 1458 695 1520 de
709 1459 873 1530 Palamede,
891 1479 923 1520 ut
939 1442 992 1519 suh

84 1588 140 1661 ejus
156 1582 268 1667 personia
287 1586 458 1648 occafioncm
479 1586 591 1649 haberet
609 1584 725 1648 obscuri
742 1587 778 1648 ad
799 1595 938 1649 Socratem
959 1593 988 1647 δι

84 1708 258 1772 Athenienses
268 1712 429 1773 alludendi:
447 1712 584 1775 occidistis
598 1712 774 1788 ,occidistis,
789 1714 895 1795 inquit,
908 1717 989 1775 Grae-

84 1858 176 1899 corum
195 1840 344 1920 optimum.
372 1839 575 1901 Animadvertit
596 1838 737 1905 universos
757 1839 874 1921 populus
888 1839 938 1920 qui
958 1839 988 1899 in

83 1960 191 2025 theatris
204 1964 359 2025 considebat
372 1963 430 2025 hae'c
442 1965 525 2025 verba
535 1966 666 2044 pertinere
677 1964 713 2025 ad
729 1971 887 2035 Socratem,
906 1961 993 2024 nec‘a

81 2090 207 2171 lacrymis
220 2088 352 2150 abstinere
364 2092 467 2169 potuit.
487 2090 586 2151 Scribit
597 2092 684 2171 igitur
697 2091 829 2150 Isocrates
838 2086 910 2149 hane
921 2110 988 2151 ora·

82 2218 184 2277 tionem
199 2216 233 2277 ad
244 2216 432 2298 Polycratem,
445 2214 526 2297 ipsius
538 2214 751 2297 reprehendendi
762 2216 858 2286 musi,
870 2234 901 2277 ιιι
911 2215 988 2276 dixi·

83 2363 149 2401 mus.
169 2349 186 2406 J
188 2362 232 2403 am
246 2341 338 2425 siquis
351 2343 469 2424 requirat
481 2362 528 2401 cur
539 2363 594 2401 non
609 2340 646 2400 ah
662 2361 698 2399 eo
709 2348 736 2399 δι
751 2342 842 2400 oratio
856 2342 941 2403 altera
952 2342 987 2403 de

81 2476 188 2531 Socrate
205 2466 304 2551 scripta
316 2470 368 2544 fit,
383 2469 577 2551 respondemus
591 2469 620 2529 id
638 2468 714 2550 quod
731 2474 788 2548 jam
803 2468 910 2529 didinm
923 2468 964 2529 est
975 2514 989 2542 ,

81 2590 142 2654 ided
154 2617 211 2654 non
222 2591 348 2676 scripsrll'e
360 2612 391 2681 ut
402 2595 501 2654 vitaret
512 2576 692 2655 offensionem
704 2591 927 2665 Atheniendunr,
938 2594 988 2676 qui

80 2718 170 2781 recdns
180 2720 260 2780 illurn
272 2716 496 2782 condemndtanr.

118 2948 159 3021 (l.
179 2968 206 3009 rr
224 2958 251 3009 ιι
265 2972 310 3009 12.
322 2955 331 3019 )
343 2948 451 3009 E'uarr‘lr.
462 2992 470 3009 .
481 2990 490 3009 .
502 2990 508 3005 .
520 2943 622 3007 Pabula
633 2913 786 3006 Palamedis
795 2966 852 3006 nnn
862 2951 987 3028 pervenit

80 3050 113 3111 ad
122 3072 194 3125 nos3
209 3050 255 3113 sed
267 3070 361 3113 extant
375 3050 406 3111 hi
419 3053 475 3113 duo
485 3047 577 3113 versus
593 3052 622 3109 in
639 3047 796 3111 Philostrati
810 3048 945 3125 heroicis:

238 3177 347 3237 E'u'rnm
357 3176 445 3237 dodun
457 3173 502 3235 tiro
511 3173 624 3249 πᾶιπφω
634 3216 644 3247 ,

240 3276 291 3338 ‘rh
301 3278 384 3339 eddim
396 3279 531 3352 ι’λγῦιίσαν
541 3275 634 3345 einddm
642 3282 733 3351 μυσῖν.

79 3408 217 3491 Diogenes
233 3408 357 3467 Laertius
372 3407 422 3488 qui
440 3404 492 3465 hos
509 3402 620 3465 eosdem
632 3404 724 3467 versus
740 3405 808 3465 citat
824 3386 870 3464 dat
889 3404 988 3469 &dorla

80 3507 235 3590 proluderet.
255 3510 364 3571 Dicitur
375 3506 578 3571 sessiunculas.
590 3505 856 3590 Sophislanoncitat
866 3508 990 3589 expressis

81 3614 171 3676 verbis
180 3611 231 3681 nisr
242 3611 342 3688 Moris,
352 3611 429 3694 quod
438 3611 557 3693 explicat
567 3629 614 3691 pet
625 3612 743 3673 verbum
755 3608 889 3684 ἐφωιόσαῖι.
