2750 4742
245 270 849 394 urracaonnrm.
924 342 993 413 1⁷⁷

32 498 34 551 ι
104 454 310 538 dianaessurbis
330 446 492 562 ¹periculo
506 456 712 536 dimicemus.
741 466 872 538 Horum
893 460 994 565 potrd
1054 512 1065 523 -

32 594 34 637 ἓ
107 566 256 687 dusahaec
265 585 328 667 est,
342 571 434 681 quod
444 582 526 657 ditm
534 584 700 684 publicam
709 611 780 660 tem
790 588 997 659 nonminori

32 766 33 771 ,
107 728 175 775 cura
191 703 284 777 vobis
301 702 364 777 eise
378 704 492 787 ,decuit
515 704 618 805 quim
634 707 818 805 privatam,
840 734 901 779 vos
918 709 996 805 ergd

32 808 33 861 3
105 820 182 894 illam
192 849 261 895 non
272 823 394 909 eodem
404 824 476 911 estis
490 825 621 913 animer:
634 826 691 899 sed
699 852 802 924 quum
809 825 852 899 de
863 825 998 926 privatis

32 968 34 975 ·
106 940 185 1015 rebus
204 941 413 1029 deliberatis,
432 945 469 1017 in
489 943 659 1019 confilium
679 947 841 1019 adhibetis
861 945 998 1043 eosqui
1021 978 1028 999 ι

105 1062 326 1165 vobismetipsis
345 1064 570 1167 prudentiores
585 1064 687 1173 sunt}
705 1096 810 1166 quom
824 1092 935 1141 autem
955 1066 999 1139 de

104 1185 251 1285 republica
268 1187 487 1272 convenistis,
509 1187 627 1261 talibus
643 1188 781 1289 quidem
799 1188 948 1263 diffiditis
963 1197 1000 1263 &

49 1358 53 1365 -
104 1306 265 1393 invideris,
281 1332 398 1381 eorum
411 1311 490 1382 vero
506 1332 564 1407 qur
554 1308 775 1415 suggestum
776 1309 1000 1383 conscendunt

32 1502 33 1509 ἶ
105 1420 519 1577 ιιιιριοιιιιιιιιιόιιιιιάιιιε,
530 1436 565 1501 &
579 1429 1002 1547 populosioreseffeducitis

32 1570 33 1647 ἢ
104 1547 199 1621 ebnos
211 1550 312 1649 quam
322 1544 466 1637 sobrios
481 1574 628 1623 amentes
639 1550 740 1651 quam
750 1548 956 1635 bendsanos,
966 1560 1004 1624 &
1047 1607 1056 1619 ,

32 1736 50 1772 a
103 1689 153 1742 eos
163 1697 216 1769 qur
222 1698 377 1771 pecunias
387 1668 624 1773 pubhcasrnter
632 1672 665 1745 se
675 1672 830 1746 drvtdunr
838 1674 1004 1775 quameos

103 1815 154 1893 qur
145 1790 206 1865 de
224 1791 280 1866 sua
300 1821 335 1868 te
356 1792 511 1868 familiari
530 1797 668 1869 munera
680 1796 810 1897 publica
825 1794 920 1867 vobis
937 1792 1005 1867 ob·

32 2074 35 2163 ι

32 2272 34 2359 i

32 2364 34 2393 ι

102 1936 180 1985 eunt
205 1916 377 2007 Quare
332 1942 454 1988 mrrum
475 1918 521 1988 est
538 1942 741 2015 quemquam
754 1913 817 1990 effe
830 1941 888 2015 qur
878 1911 1004 2015 speret

102 2032 228 2120 orbern,
248 2035 332 2141 dum
346 2037 462 2111 talibus
476 2036 577 2112 utitur
591 2036 885 2123 consultoribus,
875 2063 912 2108 ιιι
928 2062 1003 2108 me

105 2152 167 2229 lius
173 2182 315 2257 utquam
327 2158 577 2259 provehendam
590 2157 671 2233 fore.
852 2155 856 2164 ’
948 2166 951 2175 “

32 2498 34 2543 t
143 2424 221 2523 Ego
232 2422 349 2507 verb,
373 2448 474 2523 quam
495 2420 633 2495 arduum
667 2416 706 2495 fit
729 2422 839 2496 vestris
862 2416 997 2494 senten-

32 2548 33 2571 *
102 2543 148 2617 tiis
173 2542 334 2618 adversari
359 2542 481 2617 haud
472 2570 614 2645 tgn0m3
625 2552 672 2615 &
693 2542 813 2641 quod,
838 2569 943 2641 quum
965 2526 1003 2613 in
1112 2578 1118 2589 ·

32 2664 291 2749 democratia
318 2663 446 2750 fimus,
461 2686 540 2737 non
561 2662 760 2737 concedatur
782 2660 1003 2760 loquendili

32 2785 219 2873 bertas
240 2787 299 2860 nisr
321 2784 373 2859 hic
395 2786 629 2881 stolidiffimis,
653 2784 759 2883 iisque
783 2784 841 2883 qui
866 2811 925 2856 vos
944 2808 1003 2855 ne·

101 2935 258 3008 quaquam
289 2931 434 2993 curant,
466 2906 661 2979 mtheatro
686 2929 797 2977 autem
821 2904 1002 2977 comoedia·

100 3056 166 3103 rum
184 3018 359 3103 actoribus.
383 3028 422 3102 ld
438 3024 577 3129 proinde
594 3027 748 3099 omnium
761 3026 1001 3099 acerbiffimum
1063 3038 1068 3046 '

32 3190 33 3227 ι
98 3152 158 3235 est,
176 3178 235 3225 vos
247 3150 362 3248 iisq'tu
375 3148 495 3221 delirfita
510 3146 599 3221 urbis
618 3146 733 3221 nostrae
745 3145 833 3220 foras
849 3144 892 3219 ad
919 3144 1000 3218 alios

99 3270 221 3345 Grecos
242 3269 408 3355 efferunt,
426 3266 553 3343 tantam
576 3268 697 3342 habete
717 3267 854 3369 gratiam
864 3320 876 3352 ,
895 3265 1014 3365 q'uanf'

101 3415 163 3465 tam
183 3418 224 3467 ne
242 3392 281 3465 iis
302 3388 439 3491 quidem
457 3390 516 3489 qui
534 3390 578 3463 de
595 3386 689 3463 vobis
708 3388 795 3462 bene
813 3411 997 3483 merentum
1109 3406 1116 3414 '

32 3658 33 3751 ᾖ
101 3652 182 3735 quens
202 3647 288 3735 irati&
301 3650 355 3734 δι’.
369 3653 457 3719 ³Cod.
479 3652 595 3723 theba
612 3650 763 3738 macram
914 3686 919 3695 ·

118 3834 121 3837 ,
198 3758 294 3831 Tome
316 3759 365 3835 11.
812 3750 858 3831 M
