2750 4742
266 382 485 454 HELENAE
519 380 824 467 LAUDAT10.
932 411 998 476 3’47

93 522 176 597 Solis
195 526 260 600 filit
279 553 422 615 natum,
445 529 622 616 extitiffet‚
651 534 703 605 cui
726 530 839 605 tributi
863 530 1000 603 nomine

95 646 200 717 nostra
212 648 324 721 civitas
337 649 386 721 bis
399 648 550 749 septenos
564 677 680 750 pueros
689 678 729 725 ex
740 650 872 725 oraculo
886 649 1000 725 mitte-

94 762 172 859 bat3
191 793 294 864 quum
313 767 439 841 videret
456 796 513 841 eos
533 770 632 853 duci,
655 794 729 843 toto
748 768 872 871 populo
892 768 1000 841 comi·

96 908 205 970 tante,
228 888 272 960 ad
290 914 408 961 necem
425 889 575 987 iniquam
593 914 786 989 certumque
807 891 1000 973 interitum,

29 1097 30 1100 Ἴ
95 1013 130 1076 &
145 1006 290 1081 viventes
304 1009 410 1083 adhuc
421 1009 527 1109 lugeri
539 1037 600 1109 pro
611 1011 773 1094 mortuis,
786 1010 874 1082 tanti
888 1009 1000 1109 indig-
1031 1070 1035 1080 .

95 1132 229 1201 natione
240 1130 373 1215 exarsit,
388 1154 426 1203 ut
434 1130 543 1231 potiris
552 1130 616 1205 effe
625 1132 753 1205 duxerit
763 1132 888 1216 emori,
900 1132 1000 1231 quim

96 1248 204 1321 vivete
218 1252 371 1351 turpiter,
382 1261 418 1325 &
429 1252 589 1351 imperare
602 1253 727 1327 civitati
740 1280 811 1353 quae
823 1254 891 1325 tim
904 1250 1001 1325 mise·

94 1367 195 1439 rabile
207 1369 365 1442 tributum
376 1370 520 1444 hostibus
532 1370 676 1471 pendere
689 1397 870 1473 cogeretur.
886 1374 1000 1470 ltaque

95 1486 273 1560 conscenso
289 1489 354 1560 uni
370 1489 525 1563 cumillis
541 1492 696 1593 navigio,
714 1502 750 1565 δι
766 1490 801 1565 eti
817 1491 930 1564 naturai
944 1490 999 1563 su-

94 1610 202 1707 perati
216 1636 287 1707 quae
301 1610 319 1681 ὲ
332 1609 405 1683 vito
417 1619 453 1683 &
466 1634 559 1707 tauto
569 1614 710 1684 conflata
723 1611 822 1696 effer,
843 1636 999 1709 tantoque

94 1727 231 1828 polleret
253 1731 373 1803 robore
395 1756 520 1829 quanto
540 1760 598 1832 par
617 1758 685 1807 etat
703 1762 777 1805 eam
795 1761 865 1832 quae
883 1732 1000 1805 talibus

94 1854 253 1923 constaret
276 1852 490 1951 corporibus,
506 1880 574 1924 non
594 1852 714 1928 liberos
730 1852 837 1927 solum
853 1854 999 1954 patenti·

94 1970 152 2045 bus
169 1973 350 2047 incolumes
365 1975 502 2046 restituit
511 2028 521 2061 ,
536 1972 594 2046 sed
607 1975 774 2048 civitatem
786 1976 886 2048 etiam
899 1974 917 2047 i
932 1975 998 2046 tam

94 2093 212 2190 injusto
238 2095 372 2193 timque
388 2094 507 2168 acerbo
527 2102 561 2167 &
584 2094 767 2168 inevitabili
787 2094 897 2169 edicto
923 2095 999 2169 vin-

59 2261 62 2264 -
96 2213 227 2287 ditavit.

142 2336 306 2435 Equidem
321 2336 394 2409 sum
410 2334 513 2409 animi
530 2336 648 2409 dubius
663 2336 745 2436 quid
758 2336 881 2409 consilii
895 2336 937 2409 de
950 2360 1001 2408 re-

95 2457 191 2556 liquis
209 2457 346 2559 capiam.
369 2462 587 2557 ‘Posteaquam
608 2460 699 2531 enim
716 2458 838 2565 Thesei
855 2456 1002 2529 facinora

96 2576 167 2649 sum
183 2576 361 2677 ingressus,
380 2578 473 2651 &de
489 2578 553 2672 iilis
569 2578 656 2678 coepi
671 2576 801 2662 dicere,
826 2604 893 2648 non
908 2575 1002 2649 facile

96 2700 237 2773 inducor
256 2722 311 2784 ut,
326 2702 362 2771 in
376 2698 490 2772 medio
505 2694 606 2773 ueluti
621 2696 714 2772 c'utsu
724 2698 872 2771 oratione
885 2696 1004 2797 abrup-

98 2822 148 2907 ti,
167 2820 310 2893 Scironis
324 2829 359 2893 &
372 2821 572 2917 Cercyonis,
591 2821 797 2920 aliorumque
815 2827 884 2920 ejus
900 2844 1003 2921 gene-

98 2943 159 3029 ris,
175 2942 420 3015 immanitatem
443 2943 709 3042 praetermittam:
728 2942 841 3015 contri
853 2968 936 3041 quos
947 2941 1003 3014 ille

98 3090 200 3161 quum
216 3062 347 3137 fortiter
361 3062 553 3163 pugnasset,
578 3064 689 3136 multis
705 3064 898 3164 magnisque
915 3062 1003 3135 cala-

98 3186 265 3268 mitatibus
278 3189 410 3261 Gtaeeos
422 3186 582 3260 liberavit.
598 3186 711 3258 Sentio
725 3210 835 3259 autem
846 3210 901 3258 me
913 3209 1005 3257 oute·

797 3388 998 3408 m

100 3507 235 3597 inpatipit
246 3523 295 3587 ,ot
309 3514 404 3576 multis
420 3517 569 3594 interjectis
583 3533 725 3575 oratorem
739 3509 867 3575 oblivisci
879 3510 1007 3594 praepost-

102 3634 161 3672 tum
184 3610 395 3686 accusativum,
421 3634 482 3695 quae
505 3610 653 3673 artificiosa
667 3611 776 3673 oblivio
799 3606 867 3691 sapi
888 3598 1008 3673 occurrit

105 3711 175 3792 apud
189 3728 325 3771 oratores.
