2750 4742
243 392 322 469 DE
360 393 520 469 PACE
557 390 827 473 ORATIO.
927 426 995 498 ²¹5

87 556 133 611 tus
147 562 211 640 ego
223 566 283 613 vos
296 538 417 615 docere
431 539 572 642 poffum.
598 542 692 615 Nam
702 569 807 643 quum
821 542 916 615 istam
931 570 998 644 po-

89 652 221 733 rentiam
245 662 488 738 Lacedaemonii
512 686 685 757 tenerent,
708 691 781 763 quae
801 664 903 737 verba
924 690 997 737 non

89 779 360 885 consumpsimus,
378 782 450 857 tirm
462 811 581 858 eorum
591 785 779 885 principatu
790 784 996 871 accrrsando,

89 899 152 993 tion
175 929 310 1001 aequum
334 902 398 978 effe
426 928 463 977 ut
486 903 593 976 Graeci
615 902 679 977 suis
699 903 827 1006 legibus
846 906 998 979 viverent

89 1023 408 1098 commemorando?
435 1020 609 1117 Quasnam
630 1024 711 1097 veto
730 1027 919 1099 Graecatum
938 1050 997 1099 ur·

89 1141 173 1215 bium
183 1170 255 1216 non
267 1144 504 1217 concitavimus
517 1142 560 1215 ad
570 1142 763 1219 societatem
774 1144 856 1219 belli
870 1144 916 1219 ob
928 1144 996 1218 haec

90 1264 244 1367 suscepti?
263 1267 407 1360 Quoties
418 1250 898 1367 legatos'admagnumregem
908 1266 999 1341 mifi-

76 1386 177 1473 ¹mus,
194 1388 254 1487 qui
267 1386 373 1489 ipsum
386 1387 567 1473 docerent,
578 1412 689 1486 neque
702 1390 825 1487 justum
839 1386 925 1473 effe,
941 1414 998 1462 ne-

90 1535 146 1607 que
156 1508 262 1595 utile,
276 1510 446 1584 civitatem
457 1535 559 1581 unam
572 1506 699 1581 Graecis
707 1508 877 1583 dominati
887 1512 901 1583 ?
913 1508 997 1582 Non

89 1630 165 1734 priris
186 1657 302 1705 autem
326 1632 345 1706 i
368 1632 457 1705 bello
476 1630 695 1717 ceffavimus,
719 1657 829 1733 neque
848 1657 997 1733 pugnare

91 1752 162 1824 tert&
183 1752 336 1852 marique
357 1752 560 1837 destitimus,
583 1748 685 1851 quim
702 1750 827 1826 vellent
838 1751 994 1827 Lacedae-

89 1874 185 1947 monii
198 1874 244 1947 de
258 1874 408 1947 libertate
423 1876 614 1949 Graecotum
628 1870 755 1949 fodero
770 1872 887 1947 facere.
909 1874 1002 1947 Non.

90 1996 176 2095 igitur
192 1996 259 2070 effe
281 1999 401 2096 iustum
417 2020 454 2069 ut
472 1994 675 2096 potentiores
690 1992 911 2070 dominentur,
925 1996 995 2068 im·

90 2115 318 2204 becillioribus,
330 2126 366 2192 &
380 2117 444 2191 illis
457 2114 660 2216 temporibus
672 2112 848 2200 sensimus,
858 2122 894 2188 &
904 2140 994 2188 nunc

91 2237 265 2338 reipublicae
272 2236 381 2319 sormi
390 2236 478 2339 apud
488 2221 734 2310 nosconstitutsi¹
743 2232 958 2308 declaramus.

134 2463 184 2530 2⁰.
206 2453 315 2549 Quod
329 2476 447 2526 autem.
453 2451 551 2525 idem
562 2452 627 2524 hoc
642 2450 826 2553 imperium⁴
844 2476 915 2523 non
928 2476 994 2550 po·

93 2576 214 2649 terimus
230 2574 449 2658 constituere,
467 2572 533 2651 citb
547 2597 604 2647 me
617 2570 917 2647 demonstraturum
932 2569 996 2643 effe

92 2696 209 2795 opinor.
233 2695 367 2769 Etenim
382 2692 475 2793 quod
487 2720 556 2766 non
571 2693 741 2794 potuimus
755 2692 839 2765 tueri
850 2717 927 2767 cum
937 2690 996 2765 de·

93 2816 147 2889 ties
159 2815 306 2893 millibus
319 2814 467 2900 talentis,
481 2813 620 2913 quinam
630 2812 666 2886 id
679 2813 718 2885 in
728 2810 878 2912 praesenti
889 2838 995 2913 penu·

93 2936 131 3007 tis
144 2937 460 3039 comparaverimus3
474 2963 578 3037 quum
591 2932 769 3036 presertim
786 2934 825 3007 iis
841 2933 995 3007 institutis

95 3078 233 3142 utamur,
254 3083 326 3129 non
337 3082 396 3158 per
408 3083 479 3156 quae
499 3054 583 3129 illud
597 3052 846 3154 acquifivimus‚
865 3052 924 3128 sed
936 3078 995 3153 per

94 3204 153 3275 quae
167 3178 357 3255 amifimus?
387 3162 391 3169 ¹

100 3382 103 3387 “
136 3377 188 3466 3⁰.
210 3370 288 3449 Jatn
306 3370 386 3444 vero
401 3368 585 3469 reipublice
606 3374 677 3438 non
698 3363 852 3469 expedire
875 3385 913 3435 ut
928 3360 993 3435 hoc

135 3612 178 3705 [1.
195 3616 271 3710 17.]
295 3631 357 3691 Post
373 3618 550 3704 καθιςιὸσιις
568 3626 686 3691 subaudi
698 3624 744 3691 vel
764 3622 836 3686 adde
854 3611 996 3703 ⁴yrttt'rrtt-

95 3748 141 3806 μιι
153 3728 196 3795 vel
204 3714 423 3811 ἰσιὸιιιιιιιμιν,
435 3716 439 3723 ’
