2750 4742
225 292 499 369 nusrmnrs
531 289 831 397 inunnrro.
912 321 986 389 40⁷

82 436 226 541 opificem
247 466 325 515 eum
347 440 522 526 exhibeas,
547 468 694 539 quorum
711 463 868 515 neutrum
890 440 983 540 quis-

81 587 173 659 quam
186 560 389 644 mortalium
413 560 553 659 fecerit3
581 560 639 635 sed
667 561 806 636 alterum
830 556 984 637 belluina

79 680 310 768 immanitatis,
333 682 471 755 alterum
491 680 612 756 divinae
630 683 786 783 potentia
796 736 808 768 ,
826 710 909 783 opus
926 685 983 757 est.

78 800 373 888 Deinde,etiams1
394 802 475 877 falsa
494 826 632 901 uterque
651 801 823 887 dicamus,
842 829 907 903 ego
928 825 980 873 ta-

78 948 151 995 men
171 924 221 996 his
244 925 354 998 verbis
378 924 450 998 sum
467 923 541 997 usus
561 950 632 1023 quae
653 922 730 995 sunt
748 922 979 1006 laudantium,

76 1043 152 1117 ddm
172 1069 206 1117 tu
229 1071 268 1118 ea
291 1044 466 1119 adhibuisti
486 1072 557 1143 quae
576 1042 836 1145 vituperantibus
856 1067 980 1117 conve-

76 1167 174 1239 niunt.
204 1170 317 1259 Quare
341 1152 411 1240 non
433 1167 606 1241 veritatem
632 1164 801 1265 neglexisti
826 1164 978 1249 tannim,

75 1287 128 1359 sed
143 1296 176 1361 δι
190 1288 208 1360 al
222 1288 290 1361 total
304 1286 536 1363 laudationum
550 1286 658 1360 formal
673 1284 836 1375 aberrasti.

118 1619 170 1685 2⁰.
191 1614 348 1685 Praeterea
370 1610 419 1698 sr,
446 1611 508 1685 tuis
524 1612 669 1697 omissir,
692 1635 769 1687 mea
790 1612 898 1687 oratio
917 1620 977 1715 pur

73 1734 102 1807 se
120 1734 311 1807 excutienda
330 1737 398 1819 est,
421 1760 523 1807 nemo
537 1734 568 1807 ei
581 1742 652 1833 jute
672 1719 776 1807 fidem
793 1734 977 1836 abrogabit.

73 1856 102 1926 N
105 1884 157 1929 am
168 1855 192 1929 [ι
203 1862 306 1954 ‘quem
319 1854 421 1929 aliurn
435 1882 473 1929 ea
483 1853 593 1928 feciffe
606 1834 768 1930 constaret
777 1884 848 1955 quae
858 1856 977 1931 Busni·

72 1978 200 2052 dinunc
211 1977 340 2065 tribuo,
357 1978 530 2052 confiterer
543 2005 598 2051 me
610 1978 710 2051 nimis
720 1977 784 2052 elle
794 1978 973 2065 audacem,

71 2100 121 2197 qui
136 2123 254 2173 notam
269 2099 424 2172 omnibus
439 2097 613 2172 veritatem
624 2122 817 2197 extorquere
827 2099 977 2187 conarer,

70 2224 99 2294 N
100 2251 162 2296 unc
175 2250 279 2322 quum
291 2249 342 2297 res
356 2222 390 2293 in
403 2221 517 2295 medio
527 2219 635 2321 pofitae
649 2219 733 2306 srnt,
749 2230 785 2295 &
799 2220 841 2295 de
854 2222 895 2294 iis
910 2248 974 2295 ne-

70 2344 141 2419 celle
155 2345 195 2418 fit
207 2344 476 2443 uticonjedturd,
502 2369 682 2442 quemnam
694 2343 811 2443 aliquis
823 2368 972 2445 recepto-

69 2494 132 2539 rum
146 2466 214 2539 illic
228 2466 471 2551 institutorum,
486 2464 511 2537 sr
525 2463 776 2538 verisimilitudo
788 2463 969 2565 spectetur,
1031 2499 1035 2507 ·

69 2616 210 2664 autorem
220 2589 329 2691 potitis
343 2588 407 2662 else
419 2588 550 2672 credat,
564 2588 665 2686 quim
675 2615 753 2659 eum
764 2590 869 2689 qui&
879 2590 971 2691 Nep‹

68 2734 141 2784 tuno
164 2712 322 2813 genitus,
350 2718 385 2783 δε
409 2708 428 2781 d
449 2710 536 2787 Jove
557 2732 646 2780 ortus
665 2733 725 2808 per
743 2732 909 2796 matrem,
933 2718 971 2785 &

67 2831 203 2907 maximi
227 2830 375 2931 potentii
399 2828 578 2931 praditus,
603 2837 639 2903 δι
668 2826 792 2929 ubique
819 2832 971 2931 gentium

65 2952 334 3025 nominatiffimus
355 2949 476 3024 fuerit?
505 2951 577 3023 Nec
599 2950 691 3023 enim
710 2950 970 3026 consentaneum

64 3077 104 3145 est
132 3076 184 3148 his
208 3072 304 3147 rebus
334 3073 490 3153 omnibus
511 3070 684 3146 inferiores
710 3072 841 3172 aliquos
859 3074 969 3177 potitis

64 3198 158 3292 quim
187 3199 276 3270 hunc
302 3218 392 3269 tanta
414 3196 450 3269 in
469 3196 648 3297 AEgyptum
671 3195 831 3272 beneficia
848 3222 969 3273 contu-

63 3316 135 3395 lille.

112 3617 166 3702 3⁰.
189 3606 284 3703 Quin
300 3608 403 3696 etiam
412 3606 481 3711 ipsi
493 3608 622 3684 rationo
635 3632 847 3709 temporum,
867 3608 969 3685 male·

703 3731 766 3801 cc
788 3729 825 3805 iv
