2750 4742
5 250 6 337 l
93 270 990 346 ω

5 410 6 441 ³
263 422 868 569 Aroomrnrum'
987 474 991 481 ¹

170 677 577 741 AREOPAGITICAE
615 684 932 756 ORATIONIS,

354 872 370 933 ὲ
381 874 520 957 Dionysto
532 878 753 956 Halieumafflo.

90 1035 226 1165 Quis
248 1050 460 1137 retractatione
477 1076 672 1163 Areopagitici
683 1100 739 1139 non
752 1078 829 1141 ficret
839 1078 991 1143 modestior

88 1200 140 1263 vel
153 1202 219 1283 quis
232 1198 383 1281 incoeptum
396 1206 512 1266 oratoris
524 1228 580 1266 non
591 1206 703 1273 laudet?
716 1210 766 1291 qui
774 1210 848 1289 apud
857 1199 1013 1271 Athenien·

88 1323 135 1387 ses
151 1312 194 1387 'de
212 1327 367 1409 reipublicae
388 1296 480 1390 formal
496 1328 622 1392 differere
643 1353 700 1393 non
719 1330 873 1405 dubitirit,
889 1342 917 1394 δι
931 1352 1015 1395 autor

88 1454 149 1514 elle
163 1472 198 1515 ut
207 1454 373 1516 democratia
385 1475 447 1517 tunc
460 1456 609 1519 constituta
621 1478 787 1537 mutaretur,
799 1478 931 1544 tanquam
942 1461 1016 1523 civi·

88 1583 147 1642 tati
159 1578 332 1662 perniciosa:
352 1580 386 1643 de
407 1579 463 1663 qui
480 1582 570 1643 nullus
584 1582 680 1664 populi
699 1583 755 1645 dux
767 1584 856 1645 dicere
872 1580 952 1647 ausus
962 1582 1014 1648 est.

88 1712 183 1767 Hane
202 1726 292 1768 autern
308 1706 421 1769 videbat
437 1705 568 1769 Isocrates
580 1708 609 1767 in
625 1729 691 1769 cam
701 1709 934 1789 perturbationem
946 1733 1013 1793 pro·

89 1832 386 1915 lapsamtffe,utjam
395 1808 666 1921 reimagistratibus
676 1834 790 1919 quidem
797 1838 898 1917 privati
906 1836 1013 1919 pollent

89 1964 234 2033 coerceri,
247 1960 291 2023 scd
302 1960 485 2045 unusquisque
496 1961 562 2021 crim
573 1960 674 2022 diceret
687 1959 749 2025 mn
759 1960 865 2023 faceret·
872 1962 1011 2047 quidquid

89 2087 166 2149 effet
182 2087 356 2159 collibitum,
372 2108 524 2170 omnesque
540 2087 762 2171 intempestivam
776 2090 917 2151 licentiam
929 2089 1013 2151 liber·

88 2236 192 2280 tatem
201 2196 353 2307 popularem
366 2216 420 2279 effe
432 2216 569 2279 ducerent.
592 2216 695 2279 Talem
706 2218 793 2298 igitur
801 2215 1011 2279 administrandi

89 2346 237 2435 rationem
257 2343 418 2437 mutandam
436 2342 490 2404 elle
510 2342 659 2412 censebat,
676 2351 705 2404 dr
725 2343 804 2404 illam
825 2342 1010 2406 revocandam

25 2436 28 2439 -
91 2493 158 2555 qua
168 2471 187 2531 al
197 2470 294 2531 Solone
310 2476 337 2529 δι
349 2466 490 2531 Clisthene
500 2468 648 2530 constituta
657 2488 726 2532 erat.
745 2474 833 2550 Cujus
846 2488 972 2531 naturam
982 2475 1010 2529 δι

92 2599 224 2660 instituta
236 2596 303 2659 dtim
315 2598 450 2669 recenset,
465 2594 750 2681 graviusexistimalle
762 2595 830 2655 dicit
842 2596 917 2656 illius
928 2596 1015 2657 atatis

93 2725 246 2796 homines,
259 2727 409 2809 maJoribus
418 2744 485 2787 natu
497 2721 776 2806 contradicerefqultm
789 2722 898 2785 ordines
909 2720 1015 2784 descre-

94 2875 126 2915 re
137 2880 144 2914 ε
157 2854 356 2917 democratiam
372 2852 501 2934 judcasse
513 2876 569 2914 non
580 2856 609 2913 in
619 2849 774 2936 petolann'al
789 2848 951 2923 confidere,
966 2849 1012 2912 sed

93 2985 129 3073 in
140 2982 291 3044 modestia:
302 2982 457 3043 libertatem
467 2980 583 3063 posuiile
592 3003 648 3042 non
659 2984 689 3042 in
697 3000 856 3063 contemptu
866 2977 1012 3066 magistra-

93 3109 288 3179 tuum,sedin
295 3106 428 3171 faciendis
435 3104 762 3190 imperatistpotestatem
770 3108 875 3168 nemini
885 3104 1013 3187 improbo

93 3235 264 3321 permifille,
286 3232 334 3297 sed
354 3202 554 3317 spectatissimis
573 3236 641 3297 viris
660 3232 800 3296 mandaffe
819 3232 1013 3319 magistratus3

91 3360 174 3448 qndd
194 3362 389 3425 arbitrarentur
406 3360 473 3421 tales
497 3358 557 3420 fore
575 3378 679 3421 ceteros
698 3362 795 3431 cives,
819 3360 914 3441 quales
930 3350 1014 3416 ellent

191 3496 197 3507 ,
452 3490 454 3497 ·
659 3502 663 3513 ,
932 3504 1010 3525 ..-

5 3620 6 3623 ’
134 3614 180 3690 (1.
201 3615 271 3691 14.)
292 3616 345 3673 Pro
358 3606 497 3711 altisone
508 3604 655 3691 legendum
667 3598 763 3666 λιπεῖν.
