2750 4742
399 463 458 520 422
570 464 573 473 ·
701 444 1016 505 enarrata

396 568 508 630 trarrfre
519 568 636 631 intendit
644 566 680 629 ad
687 566 789 629 bellica
800 569 1073 631 Lacedaemoniorum
1083 564 1217 627 facinora.
1230 561 1318 626 Paua

399 674 485 756 igitur
492 674 633 733 mentione
644 672 784 733 turbarum
792 673 894 755 quibus
903 674 994 754 primo
1005 673 1109 757 agitata
1119 668 1173 729 fuit
1185 667 1317 730 Laceda-

400 798 489 852 mon,
508 785 536 837 &
554 778 736 837 immanitatis
751 774 808 859 quai
826 778 959 857 principes
975 777 1004 836 in
1020 774 1128 857 plebem
1145 771 1317 843 saevierunt,

399 879 531 941 relaturus
550 899 607 939 erat
623 879 697 939 bella
717 882 812 962 iniqua
831 880 932 962 quibus
950 878 1068 962 populos
1084 876 1135 937 libi
1155 860 1269 936 vicinos
1286 882 1314 935 dc

398 1000 533 1063 cognatos
557 1002 691 1042 vexavere
708 1003 719 1053 ς
745 979 792 1043 se'd
812 980 858 1042 hic
877 983 965 1043 multa
983 979 1098 1051 desunt,
1120 999 1151 1039 ur
1173 977 1211 1037 ad
1229 973 1314 1055 hujus

398 1084 550 1144 voluminis
562 1084 664 1144 calcem
683 1085 796 1165 planum
811 1083 901 1146 facere
917 1088 1014 1147 enitar.
1042 1084 1148 1145 Acriter
1165 1076 1312 1141 invehitur

397 1206 491 1248 orator
506 1190 534 1246 in
553 1193 744 1269 Spartanorum
759 1186 982 1270 usurpationes&
992 1187 1176 1253 violentiam,
1187 1203 1312 1265 tuncque

397 1290 467 1351 redit
480 1290 515 1351 ad
535 1312 576 1352 res
594 1290 682 1375 gestas
699 1292 801 1373 quibus
817 1296 975 1371 majores&
995 1313 1084 1374 patres
1101 1284 1309 1349 Athenieufium

395 1416 467 1459 nunc
480 1395 654 1458 existentium
667 1396 858 1459 inclaruerunt.
880 1404 996 1479 Itaque,

435 1502 471 1559 V.
498 1496 663 1560 summatim
691 1498 848 1585 perstringit
870 1500 981 1561 illorum
1002 1497 1078 1560 bella
1101 1497 1260 1579 praecipua,
1279 1496 1307 1555 in

395 1599 495 1682 quibus
511 1600 573 1681 iplis
585 1600 690 1683 semper
706 1602 875 1683 propofirum
887 1599 942 1661 fuit
955 1622 1004 1683 pro
1021 1600 1108 1661 salute
1123 1608 1151 1661 ἃ
1168 1599 1304 1683 dignitate

395 1706 507 1764 Graecia
519 1725 647 1789 pugnare.
665 1710 746 1766 Hanc
758 1707 866 1765 tertiam
886 1703 1103 1765 confirmationis
1118 1720 1227 1783 partem
1237 1722 1305 1761 con·

316 1812 321 1832 ⁹
396 1804 484 1867 cludit
494 1806 606 1867 illorum
617 1810 647 1867 in
657 1808 736 1869 rebus
744 1807 868 1869 secundis
877 1804 1288 1888 moderationcmpraedicarrdo.

773 1910 925 1991 Epilogus.

401 2052 403 2057 -
434 2008 1300 2096 chfingitlsocrarts(namquehanclidiionetnellearbitror)

393 2111 422 2174 fe
434 2112 578 2175 advocatie
591 2135 653 2173 cum
665 2113 727 2174 aliis
736 2114 874 2197 aliquibus
883 2136 967 2175 unum
979 2136 1012 2175 ex
1030 2116 1064 2175 iis
1072 2135 1157 2196 quem
1168 2112 1237 2173 olim
1246 2109 1300 2171 lra-

392 2215 488 2277 buerat
505 2218 575 2277 inter
592 2217 759 2297 discipulos,
782 2237 812 2277 ut
834 2216 883 2298 ipli
899 2219 1053 2278 orationem
1073 2213 1298 2297 panathenaicam

393 2320 550 2405 perlegeret.
576 2322 710 2401 Supponit
726 2318 798 2379 hunc
817 2317 896 2380 fuille
908 2322 1000 2381 nirurn
1018 2318 1174 2401 inclytum,
1190 2320 1299 2403 ingenio
1352 2353 1353 2358 κ

371 2496 374 2501 ¹
391 2422 586 2505 &eloquentiis
597 2409 838 2498 commendatum,
852 2429 992 2485 Laconum
1001 2426 1138 2505 imprimis
1147 2443 1295 2484 amatorem

392 2534 420 2587 &
431 2525 583 2601 fautorem,
599 2524 718 2609 hincque
728 2526 897 2589 occafonem
908 2545 1002 2589 natam
1014 2526 1066 2589 else
1076 2528 1154 2609 plura
1169 2528 1203 2589 de
1215 2532 1293 2587 Lace-

390 2629 536 2691 daemoniis
552 2628 704 2692 differendi.
727 2631 777 2690 Ille
795 2632 879 2715 igitur
893 2629 945 2691 hos
960 2626 1103 2691 defendere
1121 2630 1290 2715 aggreditur,
1348 2663 1349 2668 κ

364 2798 367 2803 Δ
389 2754 422 2795 ac
437 2734 526 2795 dicere
535 2734 638 2802 audet,
652 2734 758 2796 etiamst
768 2734 875 2796 nullum
887 2734 962 2795 aliud
974 2737 1002 2794 in
1012 2740 1122 2795 Graecos
1133 2732 1290 2793 beneficium
1347 2735 1348 2742 ’

372 2837 578 2911 ιεοηῑιιΙὶίΓεηῑ,
593 2837 631 2898 ob
646 2837 716 2898 illud
726 2857 817 2898 tamen
828 2840 868 2899 tis
877 2844 936 2919 jure
947 2861 1043 2900 omnes
1052 2839 1172 2923 gratiam
1188 2834 1292 2896 habitu·
1345 2861 1346 2892 t

388 2958 433 3001 ros
445 2938 521 3022 qudd
532 2936 668 3001 inventalt
678 2938 705 3000 se
714 2940 896 3021 pulcherrima
907 2942 1030 3024 instituta
1037 2951 1065 3003 δι
1073 2938 1236 3021 usurpass'tnt
1244 2934 1287 3019 ipli
1342 2975 1344 3042 p

387 3041 490 3103 &aliis
500 3040 731 3105 demonstrallent.
1341 3043 1343 3116 l

425 3146 509 3209 Illum
533 3146 632 3207 refutat
660 3146 817 3222 Isocrates,
850 3149 1045 3233 contenditque
1071 3146 1285 3211 Lacedaernonios
1339 3131 1342 3266 l

390 3260 436 3310 ι’.
451 3269 507 3308 non
520 3248 651 3309 invenille
663 3246 849 3331 pulclrerrinia
863 3250 1004 3313 instituta:
1339 3279 1340 3342 p

430 3365 477 3413 2⁰.
500 3347 564 3413 Imd
576 3360 603 3415 δι
613 3353 764 3434 turpillrma
776 3352 919 3436 usurpa-lle.
939 3360 1050 3417 Horum
1060 3356 1200 3418 exmnltis
1208 3373 1283 3425 unum

386 3471 596 3518 commemorat.
913 3532 915 3536 Ι
1323 3445 1329 3453 ’

425 3560 529 3623 Itertim
541 3560 662 3645 loquitur
673 3560 829 3643 philolaco,
841 3571 885 3636 δι,
898 3565 1035 3625 nonnullis
1046 3566 1193 3639 concedis,
1206 3571 1281 3626 Lace·

383 3663 584 3725 damoniorum
606 3667 829 3726 exercitationem
856 3664 1044 3741 fortitudinis,
1064 3670 1279 3732 concordiam&

351 3838 354 3845 Δ
381 3764 501 3829 studium
517 3767 1003 3855 teiwmilitarisiugulare,e1tollit.¹
1095 3829 1100 3837 ,
