2750 4742
185 324 207 339 ”
240 324 511 418 nusrnnus
546 338 851 417 cluvano.
930 366 997 434 or

89 490 237 587 'prestent
246 541 257 575 ,
275 490 376 589 qudm
390 488 489 562 ceteri
503 487 640 563 artifices
656 486 848 561 horninibus
865 485 996 559 illatum

99 608 226 708 ignaris3
242 618 277 683 &
290 610 443 683 ordinem
456 635 525 707 quo
538 634 677 709 regnum
690 616 727 680 &
739 607 880 707 reliquas
890 607 1005 706 reipuf

100 728 181 801 blicae
195 754 300 830 partes
316 754 469 814 tuentur,
495 728 564 801 tdm
584 727 774 829 praclarum
788 727 940 811 servent,
960 749 999 799 ut

100 850 190 921 etiam
205 848 394 951 philosophi
416 849 641 933 celeberrimi,
659 876 765 948 quum
778 849 829 920 lris
844 848 887 921 de
902 847 997 921 rebus

99 970 325 1070 disputationes
334 970 525 1056 instituunt,
540 970 728 1071 AEgyptiam
737 967 919 1070 reipublicae
930 967 1000 1040 fot·

33 1156 34 1159 ,
99 1121 181 1165 mam
206 1093 321 1167 ceteris
348 1116 582 1193 anteponant,
609 1078 914 1165 &Lacedaemonii
939 1092 999 1189 qui

100 1214 269 1313 quamdam
284 1214 370 1288 illius
387 1239 515 1315 partem
533 1214 575 1287 ad
592 1214 625 1287 se
641 1215 887 1299 transtulerunt,
903 1213 996 1286 suam

99 1335 234 1435 ipsorum
257 1336 427 1409 civitatem
450 1336 576 1436 optimd
597 1335 833 1409 administrent.
853 1337 943 1408 Nam
960 1360 997 1409 ut

100 1456 233 1531 militum
259 1484 361 1530 nemo
385 1457 453 1530 stne
476 1457 572 1529 venial
594 1459 841 1558 magistratuum
862 1458 997 1557 peregre

101 1577 206 1665 abeat,
224 1588 261 1653 &
278 1578 568 1663 concornationes,
589 1587 624 1653 &
644 1606 821 1679 corporum
839 1580 996 1651 exercita·
1077 1676 1081 1682 ι

102 1699 239 1785 tionem,
261 1723 480 1799 pratereaquc
497 1724 538 1770 ne
553 1697 664 1799 inopid
680 1724 791 1772 terum
806 1699 995 1772 necellatia-

100 1847 164 1893 rum
177 1820 282 1893 coacti
296 1821 426 1921 publica
439 1820 548 1894 edida
562 1820 752 1921 negligant,
773 1845 828 1894 aut
841 1822 912 1895 aliis
923 1822 998 1893 arti-

100 1938 151 2012 bus
164 1966 384 2042 occupentur,
406 1940 463 2014 sed
478 1941 519 2014 ad
532 1969 622 2015 arma
635 1951 670 2014 δι
684 1930 908 2043 expeditiones
922 1944 997 2039 ani-=

101 2089 183 2135 mum
196 2064 362 2165 applicent
374 2061 491 2157 suum3
511 2061 602 2135 illinc
616 2063 683 2137 haec
696 2065 810 2137 omnia
821 2065 995 2165 petierunt.

33 2244 34 2249 ,
101 2183 201 2256 Tantb
226 2208 339 2257 autern
362 2193 453 2283 pejus
477 2184 527 2255 his
550 2184 702 2257 institutis
724 2209 881 2271 utuntur,
904 2186 996 2285 quod

101 2302 150 2402 ipsr
162 2332 278 2378 omnes
291 2306 415 2379 militiae
428 2305 553 2390 dediti,
566 2304 622 2379 sua
634 2306 705 2379 aliis
718 2332 776 2406 per
789 2307 860 2382 vitn
870 2310 995 2407 eripere

33 2450 35 2455 ’
101 2426 236 2498 studeant
248 2455 259 2523 3
276 2424 327 2498 illi
341 2411 452 2497 autern
462 2426 507 2498 itd
518 2427 631 2499 vivant
642 2451 679 2497 ut
693 2454 749 2500 eos
763 2427 857 2501 decet
867 2428 925 2525 qui
935 2454 997 2501 nec

33 2614 34 2621 ,
101 2544 156 2617 sua
170 2548 364 2647 negligunt,
383 2572 444 2619 nec
466 2544 579 2618 alienis
597 2545 798 2632 insidiantur.
823 2546 998 2640 Quantltm

33 2696 35 2763 jz
102 2668 188 2765 porto
199 2669 286 2739 inter
296 2692 469 2765 utramque
478 2666 627 2767 gerenda
637 2667 821 2767 reipublicac
834 2668 997 2741 rationem

33 2814 34 2819 ¹
101 2787 230 2875 interfit,
243 2816 283 2861 ex
298 2817 338 2862 eo
348 2788 486 2890 perspici
497 2793 620 2890 potest,
633 2791 723 2890 quod
734 2790 757 2862 fi
770 2819 886 2865 omnes
899 2792 998 2893 pigri·

102 2909 173 2983 tiam
185 2920 219 2983 δε
236 2910 451 3011 cupiditatem
466 2910 794 2985 Lacedaemoniorum
808 2914 996 2998 imitemur,

101 3032 994 3135 morperierimustiumobvidlltsquotidianipenuriam,
1062 3052 1066 3056 ’

33 3150 35 3153 ’
103 3150 165 3241 tum
179 3154 222 3227 ob
243 3154 331 3227 bella
347 3154 518 3229 intestina:
535 3156 582 3228 sm
600 3160 831 3260 AEgyptiotum
851 3160 995 3233 instituta

103 3338 982 3371 *m

110 3460 111 3463 Ἴ
147 3460 187 3554 [l.
202 3464 250 3557 4.]
266 3460 408 3559 ἒχονΊας,
423 3479 450 3539 se
462 3479 609 3556 habentes,
625 3484 725 3563 nempe
737 3487 892 3567 AEgyptios.
904 3460 1000 3567 ἕχον-

99 3564 146 3640 lot
157 3578 257 3661 regitpr
270 3578 304 3635 ab
316 3573 475 3663 o'opduopaev.
775 3576 778 3579 ⁴

146 3656 188 3747 [l.
204 3699 233 3751 7.
244 3660 267 3755 l
277 3679 340 3769 Post
354 3665 382 3744 d
398 3676 457 3739 sub·
473 3663 529 3749 der
545 3674 622 3759 quod
637 3676 775 3760 praeceffit.
